1696 2898
511 226 516 230 ·
559 202 836 245 1111’1’1As
875 202 1113 245 MAloR.
1458 213 1519 252 36

235 323 358 387 Hip.
394 324 705 402 Respondet),
706 331 754 409 et
773 325 959 372 videtur
970 323 1087 369 mihi
1107 339 1179 371 ros
1200 329 1263 371 nic
1284 341 1334 373 se
1348 326 1515 374 habere

137 403 191 440 ut
224 396 348 438 dicis.

246 465 318 507 So.
352 463 444 507 Ium
467 467 504 506 si
527 477 619 521 qno
642 463 780 507 modo
804 460 888 507 hae
910 462 1164 519 voluptates
1183 474 1403 522 utraeque
1420 466 1516 512 affl-

135 535 340 586 ciuntur,
378 547 579 591 quaeque
598 547 708 576 veto
728 547 823 576 uon
841 529 1062 601 afficitur,
1099 547 1195 578 nou
1219 532 1303 576 hae
1331 535 1516 593 quidem

134 600 371 644 affectione
393 610 530 646 erunt
552 600 787 660 pulchrae.
852 606 856 612 '

237 668 357 728 Hip.
406 670 481 714 Ao
509 671 739 728 quomodo
770 669 856 713 hoe
880 667 980 712 fleu-i
1006 671 1172 728 pouit,
1203 668 1413 724 Socrate,
1443 679 1509 724 ut,

132 736 240 781 licet
272 747 430 782 neutra
454 739 609 796 aliquo
632 739 769 783 modo
788 741 1066 800 quicumque
1087 741 1143 781 sit
1164 736 1406 791 afficiatur,
1442 745 1512 782 ta-

132 820 238 849 men
264 805 369 852 haec
390 805 580 863 affectio,
610 822 727 867 quae
745 810 795 851 iu
816 814 1026 853 neumam
1045 807 1188 864 cadat,
1220 810 1271 855 in
1294 813 1512 868 utraeque

133 875 292 920 cadat?

234 945 310 987 So.
339 943 450 989 Nou
468 946 650 993 videtur
666 944 746 991 'tibi
758 945 782 990 ἰ’

237 1011 360 1072 Hip.
395 1012 660 1060 Admodum
686 1028 795 1060 nane
817 1016 1055 1073 imperitus
1089 1009 1239 1057 forem
1269 1019 1317 1057 et
1343 1011 1511 1057 harum

134 1094 294 1124 rerum
321 1088 510 1125 naturae
539 1091 586 1126 et
615 1083 879 1130 huiusmodi
904 1094 1171 1140 sermonum
1200 1080 1367 1143 quala·
1386 1094 1511 1124 nuno

136 1147 442 1192 conferuntur
476 1154 682 1196 rationis.

241 1216 313 1259 So.
353 1216 564 1261 Concedo
585 1232 717 1270 sane,
735 1214 926 1276 Hippia.
966 1224 1013 1260 at
1030 1230 1116 1274 ogo
1138 1215 1331 1259 fortasse
1350 1217 1509 1260 videor

134 1286 288 1329 videre
305 1284 393 1326 tale
410 1285 579 1342 aliquid
604 1285 736 1342 qualo
759 1292 809 1328 tu
831 1289 894 1330 ais
907 1284 1007 1328 fieri
1026 1299 1120 1329 non
1129 1299 1277 1344 posse,
1297 1283 1412 1327 nihil
1431 1299 1511 1328 au·

134 1361 226 1397 tem
256 1353 399 1396 video.

233 1421 355 1481 Hip.
395 1421 506 1464 Non
537 1422 728 1478 videris,
747 1419 934 1467 Socrate
946 1417 970 1478 ,⁸
984 1422 1062 1467 sed
1082 1420 1324 1465 manifesto
1344 1435 1511 1485 perpe-

132 1506 233 1535 ram
254 1491 392 1535 vides.

239 1560 313 1604 So.
359 1558 430 1605 Ac
451 1560 596 1605 multa
617 1560 801 1618 quidem
822 1559 935 1604 mihi
957 1558 1218 1604 huiusmodi
1246 1561 1399 1605 animo
1430 1557 1514 1601 ob·
1549 1555 1562 1573 '

133 1635 400 1682 versantur,
441 1629 515 1672 sed
537 1628 691 1673 diffido
714 1632 801 1683 eis,
846 1633 949 1687 quia
971 1628 1054 1671 tibi
1078 1644 1171 1671 non
1195 1627 1511 1679 obversantur,

135 1699 307 1756 quippe
331 1699 428 1740 viro
451 1701 528 1754 qui
554 1698 807 1757 plurimum
837 1696 1085 1740 confecerit
1114 1699 1329 1756 pecuniae
1362 1710 1418 1738 ex
1446 1697 1511 1736 eis

137 1768 215 1822 qui
237 1779 358 1808 nunc
379 1775 486 1808 sunt
508 1769 725 1829 sapientia
747 1767 974 1817 docenda,
1010 1767 1088 1810 sed
1110 1765 1246 1820 mihi,
1292 1766 1369 1822 qui
1393 1761 1508 1827 uitii!

138 1846 353 1888 umquam
372 1834 659 1879 confecerim.
697 1851 746 1879 ac
768 1851 943 1888 vereor,
963 1837 1121 1889 amice,
1136 1850 1195 1879 ne
1213 1836 1307 1878 ioca
1331 1845 1513 1873 mecum

140 1905 278 1956 agites
300 1910 551 1963 sponteque
570 1919 643 1948 me
665 1906 883 1966 decipias:
919 1910 1159 1964 tantopere
1189 1909 1233 1945 et
1258 1910 1350 1944 tam
1369 1898 1512 1943 multa

138 1968 248 2012 mihi
271 1968 581 2015 obversantur.
1447 1979 1450 1990 “

238 2037 360 2096 Hip.
406 2037 555 2080 Nemo
575 2047 618 2081 te
638 2041 826 2095 melius,
848 2041 1058 2095 Socrate,
1088 2040 1199 2082 sciet
1221 2051 1279 2080 nn
1298 2040 1394 2081 ioca
1408 2039 1514 2094 ,agi-

140 2113 234 2149 tem
258 2120 419 2159 necne,
467 2122 608 2162 quum
638 2109 858 2166 inceperis
890 2110 1039 2152 dicere
1066 2119 1288 2164 quaenam
1315 2107 1407 2148 sint
1427 2108 1513 2148 ista

141 2189 256 2231 quae
287 2174 368 2217 tibi
396 2174 722 2230 obversentur3
778 2179 1007 2233 reperiere
1039 2177 1161 2216 enim
1191 2172 1309 2216 nihil
1335 2175 1514 2230 dicens;

140 2258 286 2302 neque
309 2247 430 2286 enim
456 2244 745 2300 cogitandum
769 2251 837 2288 est
856 2241 956 2286 fore
983 2250 1034 2286 ut
1056 2256 1270 2299 umquam
1292 2244 1512 2294 invenias,

141 2312 260 2367 quod
281 2325 424 2368 neque
443 2327 513 2354 me
533 2304 677 2369 neque
692 2320 734 2354 te
746 2315 947 2369 attingat,
960 2312 1004 2356 id
1017 2326 1098 2354 nos
1111 2309 1264 2355 ambos
1277 2314 1512 2368 attingere.

244 2380 318 2422 So.
347 2379 590 2433 Quomodo
612 2385 688 2432 ais,
710 2379 915 2438 Hippia?
937 2394 1211 2437 quamquam
1230 2378 1423 2423 fortasse
1443 2379 1516 2424 di-

143 2450 206 2490 cis
228 2447 411 2504 aliquid,
433 2463 516 2506 ego
536 2457 685 2492 autem
703 2465 796 2492 non
818 2452 957 2507 capio.
991 2457 1035 2492 at
1055 2450 1158 2492 audi
1175 2463 1250 2492 me
1270 2447 1510 2490 dilucidius

145 2516 253 2572 quid
277 2517 413 2562 velim
430 2518 750 2575 explicantem.
787 2517 898 2560 mihi
919 2520 1040 2560 enim
1062 2517 1260 2569 videtur,
1289 2515 1410 2574 quod
1431 2531 1513 2557 ne-

145 2599 232 2641 que
256 2579 365 2629 inihi
396 2587 563 2628 accidat
593 2594 645 2629 nt
672 2590 755 2632 sim
780 2601 927 2644 neque
956 2600 1063 2629 vero
1092 2589 1178 2630 sim
1200 2599 1282 2627 nec
1304 2588 1439 2628 etiam
1462 2592 1510 2625 tu

146 2656 220 2706 sis,
240 2652 327 2696 hoc
347 2653 443 2695 fieri
455 2669 585 2712 posse
598 2663 648 2698 ut
668 2655 796 2698 nobis
810 2653 1025 2699 ambobus
1043 2655 1226 2706 accidat,
1248 2653 1334 2694 alia
1358 2659 1516 2694 contra

148 2725 322 2778 quaein
345 2722 498 2766 ambos
514 2738 608 2766 non
626 2725 804 2779 cadant,
818 2723 923 2767 haec
941 2731 989 2767 ut
1011 2732 1199 2779 uterque
1221 2728 1428 2765 nostrum
1447 2724 1518 2761 sit.
