1696 2898
479 151 502 165 '¹
552 155 884 246 nrlsquA
924 157 1071 201 vm.
1395 163 1489 204 0¹³

116 281 342 328 box-arunt
367 278 438 325 illi
464 286 658 342 propter
683 279 874 324 nimiam
900 277 1248 329 dissolutionem
1267 278 1492 324 immode-

115 358 219 395 rato
250 347 468 394 libertatis
496 355 653 392 amore
680 346 934 407 flagrantes.
977 362 1086 393 nam
1112 347 1252 393 Siculi
1279 347 1352 391 illi
1381 354 1487 392 ente

113 415 314 476 Dionysi
334 423 381 461 et
396 414 646 477 Elppariui
667 419 912 476 imperium
933 416 1074 472 beate,
1098 424 1152 461 ut
1167 417 1253 460 sibi
1272 415 1486 461 videbauo

114 493 215 540 tur,
245 487 463 529 vixerunt
490 484 671 529 luxuria
701 484 953 531 diffluentes
973 484 1200 544 simulque
1218 486 1487 543 imperanti·
1542 480 1545 485 ’

114 553 197 598 bus
216 555 518 613 imperantes3
547 555 625 611 qui
649 556 782 598 etiam
802 553 956 598 decem
974 555 1200 597 exercitus
1222 553 1356 597 duces
1379 559 1488 596 ante

113 619 391 681 Dionysium
411 620 671 682 lapidarunt
695 621 823 666 nulla
843 636 902 667 ex
922 620 1022 680 lege
1044 621 1290 676 iudicatos,
1329 628 1382 664 ut
1401 622 1488 664 sci-

113 690 221 733 licet
241 692 411 734 nemini
433 693 659 734 servirent
679 705 824 748 neque
843 705 901 734 ex
922 689 1022 749 lege
1039 690 1236 744 domina,
1254 688 1334 732 sed
1351 687 1487 731 liberi

115 761 242 803 omui
264 760 453 803 omnino
475 759 610 802 modo
629 767 803 816 essent3
838 758 959 803 unde
981 758 1246 817 tyrannides
1263 759 1325 801 eis
1347 769 1486 800 exor-

114 833 185 871 tae
214 834 333 872 suut.
383 830 577 871 servitus
609 830 730 871 enim
759 834 802 871 et
834 825 1019 871 libertas
1043 826 1232 872 modum
1261 825 1484 869 excedens

114 902 308 954 utraque
333 910 521 955 prorsus
554 896 695 952 mala,
731 895 968 954 ,moderata
996 910 1104 940 vero
1121 908 1343 955 perquam
1364 892 1485 936 bona

115 971 208 1018 est,
238 963 468 1008 moderata
490 971 556 1007 est
576 967 768 1008 servitus
788 978 923 1022 quam
944 963 1028 1008 deo
1051 965 1287 1019 servimus,
1320 961 1489 1004 imm&-

115 1032 267 1075 derata
283 1046 419 1090 quam
435 1031 716 1081 hominibus3
749 1039 796 1076 et
816 1032 923 1076 deus
938 1031 1195 1075 homiuibus
1212 1029 1486 1091 sapientibus

115 1099 195 1143 lex
213 1107 305 1154 est,
337 1101 650 1160 insipientibus
678 1100 899 1160 voluptas.
940 1114 1055 1159 quae
1074 1100 1255 1158 quidem
1275 1113 1416 1157 quum
1438 1110 1487 1140 se

115 1169 178 1211 sic
197 1167 401 1222 habeant,
433 1183 544 1227 quae
566 1170 732 1213 suadeo
755 1167 1003 1227 Syracusiis
1022 1168 1249 1225 omnibus,
1277 1181 1329 1210 ea
1353 1166 1484 1210 iubeo

116 1236 359 1294 significari
379 1235 544 1280 Dionis
574 1240 726 1280 amicis
758 1244 811 1280 ut
840 1252 1080 1281 commune
1108 1237 1232 1279 illius
1263 1243 1307 1278 et
1330 1247 1484 1277 meum

114 1306 384 1360 consilium,
421 1320 503 1364 ego
528 1320 634 1350 vero
655 1305 987 1364 interpretabor
1009 1319 1124 1362 quae
1146 1305 1252 1355 ille,
1280 1306 1317 1344 si
1340 1306 1485 1360 spira-

114 1382 186 1417 ret
217 1381 261 1416 et
287 1374 414 1431 loqui
441 1381 620 1435 posset,
658 1388 780 1417 nunc
807 1373 931 1417 vobis
951 1374 1132 1416 diceret.
1201 1370 1306 1429 quid
1328 1374 1485 1426 igitur,

115 1441 284 1486 dixerit
307 1443 551 1500 quispiam,
596 1442 726 1484 nobis
752 1441 952 1484 declarat
981 1442 1037 1484 de
1062 1447 1299 1500 praesente
1327 1453 1484 1482 rerum

113 1510 373 1555 conditione
391 1507 554 1552 Dionis
575 1509 812 1552 consilium
825 1507 847 1552 ἲ
890 1508 989 1553 hoc.

243 1576 464 1637 Accipite,
482 1576 723 1636 Syracusii,
756 1579 963 1620 omnium
981 1579 1180 1634 primum
1200 1575 1340 1633 leges,
1370 1588 1485 1634 qpae

113 1646 354 1692 videantur
375 1645 501 1689 vobis
526 1659 621 1687 non
654 1645 707 1687 ad
732 1651 965 1700 quaestum
985 1652 1031 1687 et
1051 1646 1227 1687 divitias
1251 1657 1397 1699 neque
1426 1642 1485 1686 ad.

114 1715 382 1772 cupiditates
403 1714 578 1755 animos
599 1719 767 1754 vestros
787 1721 1078 1764 convertere,
1111 1711 1200 1760 sed.
1234 1724 1374 1768 quum
1398 1712 1485 1752 tria

114 1784 223 1834 sint,
258 1781 445 1834 animus,
473 1793 637 1837 corpus
661 1785 707 1820 et
730 1792 862 1837 opes,
896 1781 1034 1822 animi
1056 1781 1270 1822 virtutem
1291 1777 1486 1836 plurimi

116 1851 381 1901 aestiment,
418 1848 614 1891 secundo
643 1845 744 1889 loco
771 1849 976 1905 corporis
997 1849 1320 1904 praestantiam
1340 1848 1483 1889 animi

114 1919 275 1962 virtuti
294 1915 562 1969 subiectam,
598 1921 644 1957 et
664 1917 799 1958 tertio
816 1914 1071 1972 ultimoque
1092 1915 1195 1958 loco
1217 1929 1342 1973 opes,
1376 1928 1482 1957 cor-

114 1987 220 2045 pori
250 1992 295 2029 et
321 1986 472 2038 animo
502 1984 757 2027 servientes.
796 1989 841 2026 et
869 1982 956 2027 hoc
989 1983 1172 2040 quidem
1201 1997 1315 2040 quae
1344 1980 1480 2027 efficit

115 2055 437 2113 praescriptio,
481 2051 558 2096 lex
589 2050 715 2097 vobis
735 2058 857 2095 recte
879 2054 1024 2112 posita
1047 2054 1156 2105 erit,
1198 2044 1478 2096 vere'beatos

115 2122 307 2166 reddens
328 2123 473 2179 quiea
491 2127 679 2164 utentur
692 2153 706 2176 ,
744 2121 860 2163 ratio
881 2127 1039 2164 contra
1062 2133 1175 2176 quae
1193 2119 1353 2163 divites
1373 2118 1480 2162 feli-

116 2205 187 2234 ces
207 2192 413 2234 nominat
430 2197 473 2234 et
491 2191 587 2248 ipsa
609 2190 772 2232 misera
790 2195 878 2242 est,
910 2191 1080 2247 quippe
1097 2202 1210 2245 quae
1231 2186 1480 2231 mulierum

115 2274 166 2302 ac
186 2273 432 2317 puerorum
450 2259 668 2316 insipiens
689 2260 748 2300 sit
770 2259 941 2312 oratio,
982 2264 1028 2302 et
1048 2259 1125 2314 qui
1147 2259 1186 2300 ei
1204 2262 1370 2316 parent
1391 2255 1477 2299 hos

116 2341 295 2384 quoque
323 2330 508 2371 miseros
536 2323 683 2369 efficit.
750 2339 823 2368 me
840 2332 990 2370 eutem
1019 2339 1126 2369 vera
1147 2324 1258 2369 haec
1273 2337 1477 2378 mouere,
1557 2356 1563 2357 κ

115 2398 154 2437 si
176 2410 290 2452 quae
308 2410 430 2439 nuuc
449 2395 504 2439 de
522 2393 692 2451 legibus
709 2394 806 2437 dixi
824 2396 1001 2454 experti
1029 2392 1214 2447 fueritis,
1239 2408 1290 2436 re
1309 2406 1480 2452 cogno·

115 2466 270 2518 scetis,
320 2477 432 2521 quae
464 2464 641 2521 quidem
677 2462 885 2521 probatio
916 2465 1145 2506 verissima
1175 2462 1352 2506 videtur
1380 2475 1477 2504 esse

116 2531 324 2574 omnibus
355 2534 407 2576 in
429 2531 577 2575 rebus.
621 2530 883 2575 huiusmodi
909 2533 1050 2588 igitur
1076 2530 1248 2588 legibus
1267 2532 1475 2589 acceptis,

115 2614 258 2656 quum
276 2598 425 2644 Sicilia
444 2603 491 2642 in
513 2599 766 2658 periculum
785 2603 975 2652 venerit,
998 2607 1059 2641 -ut
1079 2613 1224 2655 neque
1243 2600 1474 2656 imperetis

113 2672 220 2713 satis
239 2682 384 2726 neque
399 2671 592 2730 imperio
611 2668 854 2713 admodum
874 2668 1059 2714 subiecti
1073 2671 1183 2725 sitis,
1199 2669 1364 2712 iustum
1379 2664 1475 2710 for·
