1696 2898
647 202 991 246 SlePnUs.
1395 210 1491 253 ⁴⁵3

120 327 269 376 dibilia
289 334 428 372 erunt
447 334 522 370 aut
541 323 851 371 incredibilia?
866 323 1059 368 Necesse
1068 332 1150 380 est,
1166 328 1326 385 inquit.
1352 324 1487 372 Nonss

114 412 175 456 ne
193 400 329 440 etiam
348 394 596 439 dicentibus
616 394 696 437 illa
709 393 915 438 similiter
930 393 1206 439 credendum
1223 397 1325 451 erit,
1341 409 1484 453 quum

115 466 268 510 dicant.
285 463 437 508 eadem
450 462 472 506 3¹
505 461 743 507 Probabile
763 469 855 516 est,
888 464 1047 521 inquit.

207 532 333 576 Haec
347 535 486 590 igitur
498 547 635 592 quum
648 531 718 574 illi
734 531 1018 584 dissererent,
1029 529 1286 574 dubitabam
1302 531 1483 590 quibus-

113 616 220 645 nam
237 594 358 645 credi
375 607 621 660 oporteret,
635 598 792 659 quibus
807 612 900 642 nou
912 604 1157 657 oporteret,
1169 605 1212 640 et
1224 606 1379 642 utrum
1395 600 1483 644 fide

114 671 262 727 dignis
281 678 326 712 et
354 667 595 712 scientibus
616 682 777 712 eorum
798 667 853 710 de
879 664 1036 727 quibus
1055 665 1380 725 loquerentur,
1420 682 1476 711 an

112 736 408 781 familiaribus
428 744 476 780 et
495 738 629 781 notia.
663 736 720 780 de
738 734 822 780 hac
839 737 980 794 igitur
997 748 1048 781 te
1069 734 1177 794 quid
1198 742 1248 778 tu
1263 734 1448 782 censes?

204 1057 1394 1115 SISYPHUS.

374 1291 772 1342 SOCRATES
819 1288 1212 1340 SISYPHUS.

105 1413 215 1471 Nos
251 1441 360 1472 vero
390 1432 480 1472 iam
515 1427 617 1472 heri
651 1435 695 1471 te
733 1427 810 1471 diu
843 1430 1228 1485 exspectavimus,
1266 1424 1475 1485 Sisyphe,

105 1495 364 1540 scholarum
395 1511 525 1539 causa
555 1511 663 1554 quas
690 1494 972 1539 Stratonicus
1001 1494 1175 1549 habuit,
1216 1501 1266 1539 ut
1297 1495 1474 1539 audires

105 1564 338 1608 nobiscum
359 1566 508 1609 virum
527 1567 795 1623 sapientem,
824 1564 967 1607 multa
990 1564 1222 1622 praeclara
1240 1570 1476 1607 ostentau-

102 1639 197 1677 tem
218 1641 265 1676 et
285 1632 430 1678 verbis
453 1641 499 1676 et
517 1648 592 1687 re3
638 1639 682 1676 et
701 1647 840 1690 quum
861 1631 1187 1675 arbitraremur
1208 1638 1252 1674 te
1270 1634 1360 1673 iam
1378 1644 1475 1674 non

103 1708 351 1745 venturum
371 1714 487 1751 esse,
522 1713 607 1756 per
626 1714 709 1740 nos
735 1700 985 1742 audivimus
1006 1701 1172 1741 virum.

205 1767 273 1810 Si.
316 1763 386 1809 At
410 1780 483 1808 me
506 1764 691 1808 hercule
719 1767 947 1821 negotium
968 1764 1078 1807 mihi
1103 1771 1203 1807 erat
1223 1765 1473 1821 gerendum

105 1837 287 1892 gravius
303 1848 436 1892 quam
451 1840 500 1876 ut
514 1832 740 1890 negligere
760 1835 1020 1892 potuissem.
1051 1835 1333 1888 magistratus
1349 1835 1472 1875 enim

106 1905 254 1946 nostri
292 1900 390 1944 heri
428 1903 475 1943 in
513 1901 753 1944 consilium
790 1903 973 1943 iverunt
1012 1915 1170 1958 meque
1215 1915 1319 1942 cum
1360 1903 1470 1958 ipsis

107 1968 364 2013 consultare
393 1970 646 2026 coegerunt.
697 1982 778 2011 nos
801 1975 949 2010 autem
972 1967 1192 2012 Pharsalii
1219 1967 1318 2025 lege
1343 1974 1471 2012 tene-

105 2053 233 2090 mur,
273 2044 327 2080 ut
356 2035 687 2093 magistratibus
713 2035 998 2092 obediamus,
1047 2038 1084 2078 si
1103 2050 1235 2094 quem
1254 2038 1309 2079 de
1340 2036 1468 2079 nobis

102 2109 317 2149 iusserint
335 2120 438 2153 cum
458 2107 564 2163 ipsis
585 2104 854 2149 consultare.

201 2174 274 2218 So.
316 2172 431 2215 Sane
459 2172 743 2231 praeclarum
768 2180 835 2215 est
863 2172 953 2230 legi
983 2187 1144 2232 parere
1173 2182 1218 2217 et
1243 2188 1266 2216 a
1296 2173 1465 2216 civibus

104 2242 277 2284 bonum
315 2237 625 2284 consiliarium
662 2243 936 2293 existimari,
1003 2243 1379 2300 quemadmodum
1415 2248 1468 2284 tu

106 2323 282 2368 quoque
304 2312 582 2352 existimatus
603 2323 648 2351 es
666 2309 812 2352 bonus
837 2310 1116 2353 consiliarius
1139 2326 1256 2353 unus
1276 2309 1467 2354 Pharsa-

103 2379 288 2420 liorum.
331 2385 377 2421 at
395 2391 490 2435 ego,
525 2376 730 2436 Sisyphe,
761 2378 965 2421 nondum
983 2379 1037 2422 de
1057 2377 1170 2422 bene
1188 2378 1465 2422 deliberandi

104 2449 283 2490 ratione
299 2453 447 2488 tecum
468 2447 683 2489 disserere
703 2449 953 2505 potuerim,
995 2461 1092 2490 rem
1111 2457 1276 2506 putans
1298 2446 1398 2491 fore
1417 2453 1464 2489 et

103 2514 240 2557 multi
259 2516 341 2556 otii
361 2520 406 2557 et
422 2513 550 2572 longi
571 2517 803 2567 sermonis,
824 2515 899 2558 sed
921 2518 1071 2573 ipsum
1090 2516 1338 2559 deliberare
1355 2513 1465 2573 quid

103 2586 163 2624 sit
189 2585 387 2640 primum
417 2585 647 2626 instituam
668 2591 812 2626 tecum
838 2598 1066 2641 quaerere.
1111 2600 1168 2627 an
1192 2586 1333 2641 igitur
1350 2581 1464 2625 mihi

103 2653 270 2704 poteris
292 2651 439 2693 dicere
468 2653 616 2710 ipsum
642 2651 889 2699 deliberare
919 2653 1024 2711 quid
1053 2653 1235 2712 tandem
1265 2651 1353 2694 sit?
1402 2665 1463 2692 ne

103 2717 214 2762 mihi
243 2718 357 2762 bene
387 2726 465 2763 aut
486 2719 604 2764 male
624 2727 701 2764 aut
724 2719 978 2780 praeclare,
1014 2723 1093 2767 sed
1116 2725 1265 2781 ipsum
1286 2727 1462 2763 tantum
