1696 2898
569 221 1072 283 surnrnsuus.
1420 235 1514 276 u·

139 351 190 395 hi
213 347 272 396 ed
298 362 407 394 eum
426 347 687 395 secde-tes
712 346 861 395 multa
888 348 1176 416 interrogant
1201 354 1248 394 et
1273 348 1517 408 (ἴωσι-αις

139 426 192 463 ut
206 417 454 464 admodum
474 416 669 463 fidenter
687 417 976 478 respondent.

270 484 369 532 lam
395 500 512 545 qnae
531 492 822 544 sequuntur,
850 485 1007 541 Crito,
1040 486 1272 544 quomodo
1298 486 1413 531 bene
1432 487 1513 532 tibi

136 553 352 601 narrem?
401 568 552 615 neque
579 558 703 602 enim
729 558 946 615 exiguum
971 561 1040 601 est
1071 567 1191 614 opus
1223 563 1433 616 repetere
1465 565 1513 600 et
1572 576 1576 580 -

134 623 367 684 explicare
386 638 521 684 posse
539 626 807 684 sapientiam
825 622 924 668 sere
941 621 1279 682 incredibilem5
1313 631 1364 669 ut
1381 623 1511 679 mihi,

134 695 251 737 sicut
269 693 441 756 poetis,
468 696 780 739 narrationem
805 693 1036 757 incipienti
1055 707 1172 753 opus
1193 694 1252 736 sit
1274 690 1430 737 Musas
1461 700 1509 736 et

131 759 472 819 Mnemosynen
506 764 732 807 invocare.
798 775 990 808 exorsus
1025 775 1135 806 vero
1173 769 1245 806 est
1273 760 1381 805 hinc
1412 758 1511 807 sere

131 829 475 889 Euthydemus,
510 837 562 875 ut
577 829 804 880 orbiti-ort
840 828 886 876 0
902 829 1072 887 Clinia,
1102 833 1196 875 utri
1216 838 1324 873 sunt
1345 844 1404 875 ex
1426 828 1509 873 bo-

131 898 328 944 minibus
347 899 606 945 discentes?
639 902 880 962 sapientes,
907 914 966 944 an
986 897 1219 961 imperiti?
1252 897 1378 945 Tum
1398 900 1509 944 ado-

131 968 408 1013 lescentulus
417 1002 435 1026 ,
467 971 571 1028 quia
595 971 744 1028 gravis
763 975 864 1015 eret
882 971 1110 1029 quaestio,
1133 967 1316 1013 erubuit
1335 976 1380 1013 et
1400 966 1508 1016 hae-

131 1039 271 1080 sitans
301 1051 375 1081 me
414 1037 635 1097 adspexit.
704 1044 842 1096 atque
877 1051 963 1098 ego
1001 1036 1364 1094 animadvertens
1399 1051 1508 1083 eum

130 1105 476 1164 perturbatum,
515 1104 649 1151 Bono
668 1113 766 1151 esto
786 1107 964 1160 animo,
997 1107 1212 1162 iuquam,
1253 1103 1424 1161 Clinia,
1459 1113 1509 1150 et

129 1175 356 1233 responde
386 1173 585 1220 viriliter
611 1180 769 1221 utrum
799 1173 882 1218 tibi
905 1173 1140 1229 videatur-3
1169 1171 1363 1218 tortam
1383 1177 1507 1219 euim

130 1242 212 1285 tibi
231 1243 453 1303 proderit.
496 1239 656 1301 Atque
674 1244 846 1288 interea
865 1240 1218 1299 Dionysodorus
1240 1241 1506 1300 paullulum

127 1310 241 1354 mihi
261 1311 317 1357 ad
335 1324 491 1356 aurem
510 1325 559 1354 se
576 1308 804 1355 inclinans
824 1300 1041 1369 voltuque
1063 1308 1309 1355 admodum
1328 1309 1506 1354 ridente

127 1379 244 1423 Sane
265 1393 388 1434 vero,
418 1381 586 1436 iuquit,
611 1377 709 1436 tibi,
731 1376 930 1431 Socrate,
963 1379 1194 1437 praedico,
1217 1386 1504 1427 utrumcum-

128 1462 216 1506 que
248 1461 552 1507 responsurus
580 1450 639 1490 sit
668 1446 1059 1510 adolescentulus,
1118 1446 1216 1492 fieri
1244 1461 1343 1491 non
1370 1462 1505 1507 posse

127 1520 239 1574 quin
261 1517 577 1576 redarguatur.
640 1514 703 1558 Et
732 1515 844 1560 dum
875 1514 961 1558 hoc
986 1516 1184 1571 dicebat,
1234 1516 1407 1560 Cliniae
1429 1531 1505 1560 re-

127 1581 329 1645 spondit,
362 1591 415 1629 ut
437 1583 549 1629 mihi
571 1598 666 1628 non
687 1584 846 1630 liceret
866 1599 1061 1648 puerum
1083 1586 1328 1630 admonere
1348 1594 1397 1629 ut
1418 1585 1503 1628 sibi

125 1661 319 1709 caveret,
355 1654 434 1698 sed
454 1654 694 1713 respoudit
715 1656 943 1715 sepientes
964 1669 1059 1697 esse
1078 1655 1314 1700 discentes.
1343 1711 1347 1713 λ
1375 1653 1502 1698 Tum

124 1721 444 1781 Euthydemus
473 1720 685 1766 Vocasne
715 1722 917 1780 aliquus,
963 1726 1131 1782 inquit,
1167 1705 1499 1783 praeceplores,

126 1791 300 1835 necne?
347 1791 604 1835 consensit.
674 1790 846 1836 Nonne
883 1793 1152 1835 discentium
1184 1798 1500 1852 praeceptores

126 1867 234 1902 sunt
254 1866 594 1919 praeceptores,
628 1861 1008 1918 quemadmodum
1032 1860 1264 1904 citharista
1283 1867 1328 1902 et
1348 1874 1502 1916 gram-

79 1962 92 1976 ,
127 1931 304 1970 matista
328 1935 643 1987 praeceptores
665 1931 762 1972 sine
786 1930 922 1972 dubio
950 1937 1081 1974 eraut
1103 1933 1167 1972 tui
1192 1930 1502 1986 reliquorum-

127 2011 215 2052 que
232 2010 495 2053 puerorum,
514 2009 593 2038 vos
614 2005 762 2041 autem
782 1998 1029 2057 discipuli?
1058 1997 1333 2041 Astii-mavit.
1361 1996 1501 2040 Non-

128 2080 186 2108 ne
207 2068 367 2120 igitur,
401 2078 543 2122 quum
564 2063 824 2121 discebatis,
848 2068 1065 2110 nondum
1087 2066 1291 2109 sciebatis
1311 2078 1364 2108 ea
1386 2080 1500 2123 quae

128 2131 394 2176 disce-batis?
440 2131 574 2186 Non,
608 2135 771 2190 inquit.
838 2133 966 2178 Num
986 2149 1096 2178 vero
1115 2137 1342 2192 sapientes
1362 2137 1499 2178 eratis

129 2203 240 2246 dum
260 2200 347 2244 hoc
367 2201 660 2244 nesciebatis?
712 2199 907 2244 Minime
926 2217 1064 2256 vero,
1092 2205 1249 2260 inquit.
1314 2202 1497 2254 Nonne,

129 2274 165 2313 si
185 2285 281 2313 non
300 2272 541 2329 sapientes,
567 2272 807 2313 inscientes
826 2269 995 2314 eratis?
1030 2270 1147 2315 Sane
1165 2271 1361 2328 quidem.
1395 2269 1498 2314 Vos

129 2353 239 2395 ergo
260 2339 369 2382 dum
388 2338 620 2382 discebatis
640 2353 754 2396 quae
775 2339 1058 2393 nesciebatis,
1097 2338 1336 2383 inscientes
1363 2343 1498 2384 eratis

131 2422 275 2464 quum
294 2403 540 2451 discebatis.
606 2405 791 2451 Annuit
812 2407 1185 2453 adolescentulus.
1253 2407 1499 2452 inscientes

130 2478 273 2532 igitur
294 2475 487 2531 discunt,
521 2474 686 2531 Clinia,
716 2491 813 2520 non
834 2479 1070 2536 sapientes,
1103 2484 1156 2520 ut
1178 2484 1228 2520 tu
1250 2477 1497 2522 arbitraris.

129 2542 258 2587 Haec
286 2558 429 2600 quum
457 2542 541 2589 ine
565 2545 782 2599 dixisset,
832 2552 1060 2605 tamquam
1086 2545 1252 2589 chorus
1282 2549 1499 2604 magistro

131 2615 311 2668 signum
333 2613 491 2667 dante,
527 2614 665 2658 simul
684 2614 993 2658 acclamarunt
1019 2622 1063 2657 et
1087 2618 1289 2659 'riserunt
1318 2615 1388 2657 illi
1419 2617 1500 2671 qui

132 2680 512 2738 Dionysodorum
533 2689 580 2725 et
599 2681 941 2741 Euthydemum
963 2685 1138 2741 sequuti
1159 2691 1299 2727 emat.
1337 2681 1399 2726 Et
1418 2698 1500 2725 an-

136 2756 315 2807 tequam
337 2749 699 2799 adolescentulus
716 2755 823 2798 satis
844 2755 1170 2814 respiraverat,
1210 2744 1330 2797 Dion
1335 2753 1501 2810 §sodo-
