1696 2898
541 179 1039 227 E'U'I'HYDEMUS.
1382 193 1465 237 131

113 312 259 364 ttius?
288 307 294 315 '
326 309 437 355 Non
467 315 561 365 est,
608 302 818 369 hqfiemj
868 305 956 353 hoc
988 322 1156 355 nomen
1186 307 1349 356 Ionum
1377 314 1473 358 cui:

111 394 244 442 qnam
268 382 355 422 'nec
382 380 436 420 iis
461 379 540 435 qui
561 392 622 423 ex
641 376 726 423 heo
754 376 867 422 urbe
889 377 1201 438 demigrarunt
1223 394 1305 423 nec
1326 379 1472 440 nobis,

110 444 385 506 sedrApollo
402 448 577 504 patrius
598 455 791 506 propter
811 444 933 491 Ionis
951 450 1308 505 procreationem
1323 481 1335 501 ‚
1361 446 1471 508 Iup-

109 519 229 576 piut-
253 523 402 559 autem
425 515 555 559 nobis
577 530 672 559 non
693 517 867 574 patrius
889 515 1075 568 dieitur,
1118 515 1195 559 sed
1215 514 1398 560 herceus
1423 523 1471 559 et

106 583 288 629 curialis
310 591 356 627 et
373 582 584 628 Minerva
605 583 800 629 cut-iulis.
864 581 982 627 Setis
1001 590 1093 640 est,
1116 585 1266 641 inquit
1287 581 1469 640 Diony-

104 653 321 707 sodorus3
367 658 436 695 est
457 654 582 696 enim
602 651 709 706 tibi,
742 661 796 696 ut
822 658 975 711 patet,
1005 647 1183 712 Apollo
1203 659 1250 695 et
1267 650 1468 712 Iuppiter

103 716 150 763 et
165 719 391 766 Minerva.
458 719 576 764 Sene
598 721 792 780 quidem,
814 722 1012 780 inquam.
1076 719 1248 765 Nonne
1266 723 1400 764 otiam
1420 719 1469 763 hi

103 788 189 832 tibi
206 789 270 832 dii
289 788 431 833 sunt?
469 791 632 848 inquit.
699 789 1040 846 Progenitom‚
1068 792 1281 848 inquam,
1314 796 1362 832 et
1386 790 1470 833 do·

101 860 228 900 mini.
272 855 340 901 At
361 860 428 901 tui
446 866 568 902 certe
587 866 710 913 sunt,
739 860 900 916 inquit.
933 871 1089 903 ennon
1110 866 1212 905 tuos
1235 853 1475 903 confessus

104 940 152 968 es
181 939 258 969 eos
290 925 416 970 esse?
462 924 705 971 Confessus
727 941 852 980 sum,
885 928 1095 985 inquem3
1128 928 1238 984 quid
1257 929 1379 972 enim
1399 924 1470 970 fe·

103 992 249 1037 ciam?
295 992 489 1048 Nonne,
520 998 692 1053 inquit,
723 997 856 1039 etiem
887 999 1140 1039 animantes
1169 1002 1279 1039 sunt
1303 993 1467 1038 ludii?

102 1064 362 1104 concessisti
382 1064 513 1115 enim,
535 1067 807 1120 quicumque
818 1065 1020 1107 animum
1041 1062 1268 1116 heberent,
1278 1075 1355 1105 eo's
1370 1065 1470 1107 eni-

102 1137 277 1173 mentes
299 1143 406 1174 esse.
451 1145 511 1174 en
529 1129 579 1174 hi
597 1132 662 1175 dii
689 1145 783 1175 non
811 1128 979 1175 hebent
997 1134 1199 1175 animum
1213 1130 1236 1175 ἲ
1270 1129 1469 1186 Habent,

99 1201 301 1255 inquam.
367 1197 539 1242 Nonne
567 1202 703 1242 etiem
723 1201 974 1243 animantes
996 1199 1136 1241 sunt?
1180 1197 1469 1252 Animantes‚

102 1270 305 1324 inquom.
347 1265 423 1311 Ex
443 1265 746 1309 animantibus
768 1278 892 1318 vero,
921 1267 1083 1322 inquit,
1109 1268 1364 1309 concessisti
1385 1265 1469 1309 hos

89 1348 196 1378 csse
217 1343 334 1386 tuos,
360 1347 473 1390 quos
495 1333 578 1376 tibi
598 1333 756 1376 liceret
776 1339 823 1375 et
844 1333 1016 1377 donare
1034 1341 1081 1376 et
1101 1335 1295 1379 vendere
1311 1341 1357 1377 et
1375 1348 1470 1378 me-

97 1410 220 1462 ctero
238 1404 502 1459 cuicumque
525 1401 609 1445 deo
629 1401 784 1445 velles.
806 1398 1032 1455 concessi,
1051 1405 1261 1461 inquem3
1282 1417 1376 1446 non
1400 1402 1469 1446 est

92 1473 222 1514 enim
239 1469 350 1520 mihi
370 1467 490 1526 fuga,
511 1469 812 1527 Euthydeme.
832 1468 934 1526 Age
953 1471 1063 1514 dum
1084 1469 1194 1513 mihi
1211 1474 1381 1522 statim,
1397 1474 1468 1514 in-

97 1542 211 1596 quit,
234 1540 330 1583 dic=
348 1542 563 1595 quoniam
585 1547 716 1583 tuum
734 1538 941 1581 concedis
958 1554 1053 1582 csse
1073 1538 1225 1583 Iovem
1242 1539 1467 1596 reliquos-

26 1593 46 1649 ,‘
98 1621 186 1664 que
206 1607 325 1660 deos,
358 1621 416 1650 an
436 1607 541 1650 licet
564 1606 644 1650 tibi
668 1606 944 1650 eosvendere
962 1607 1036 1651 vel
1059 1608 1230 1653 donare
1248 1606 1320 1650 vel
1340 1607 1466 1651 aliud

97 1676 307 1734 quicquid
337 1675 451 1718 velis
481 1679 535 1717 iis
562 1673 736 1729 facere,
788 1678 905 1718 sicut
934 1679 1094 1718 ceteris
1124 1675 1464 1719 animantibus?

32 1755 36 1759 ·
94 1743 194 1800 Ego
214 1743 411 1799 quidem,
433 1757 460 1784 o
482 1743 624 1795 Crito,
655 1746 784 1799 quasi
803 1756 1044 1801 percussus
1065 1742 1120 1784 ab
1141 1745 1368 1796 oratione,
1398 1745 1466 1786 ie-

30 1830 33 1833 ·
97 1811 249 1854 cebam
272 1817 437 1863 mutus,
454 1818 500 1853 ut
523 1808 768 1870 Ctesippus
788 1811 1011 1853 auxilium
1030 1809 1143 1853 mihi
1164 1810 1356 1862 laturus,
1378 1809 1466 1853 Pas

95 1894 180 1938 pne
211 1879 460 1923 Hercules!
509 1881 685 1936 inquit,
724 1892 859 1935 quam
887 1877 1083 1936 pulchra
1120 1879 1290 1922 oratio!
1339 1877 1463 1923 Tum

94 1946 444 2003 Dionysodorus
465 1944 655 2003 Utrum,
686 1950 849 2003 inquit,
875 1945 1100 1989 Hercules
1121 1956 1186 1989 est
1207 1946 1366 2003 Papae,
1401 1961 1460 1989 eu

93 2014 242 2074 Papae
262 2014 484 2058 Hercules
497 2013 519 2056 Ξ)
564 2012 719 2070 Atque
740 2014 982 2072 Ctesippus
1002 2013 1092 2057 Pro
1112 2014 1328 2072 Neptune
1341 2046 1354 2067 ‚
1391 2017 1463 2056 in-

95 2086 220 2140 quit,
247 2098 384 2140 quam
403 2096 561 2140 graves
583 2082 836 2126 sermones!
865 2082 1054 2126 absisto:
1085 2081 1460 2142 inexpugnabiles

82 2156 200 2194 'sunt
231 2155 332 2195 viri.

222 2218 314 2263 Hic
334 2227 484 2263 tamen
498 2253 509 2273 ,
531 2234 558 2262 o
580 2234 682 2263 care
705 2218 852 2270 Crito,
876 2232 1012 2262 nemo
1033 2232 1128 2261 non
1150 2220 1459 2276 praesentium

96 2290 223 2330 miris
259 2290 510 2332 orationem
544 2287 708 2333 extulit
737 2286 964 2339 laudibus,
1005 2294 1052 2330 et
1074 2289 1164 2331 viri
1188 2287 1386 2330 ridentes
1411 2294 1479 2351 et'

93 2355 438 2415 plaudentes-et
471 2355 689 2400 laetantes
719 2370 861 2415 paene
891 2354 1234 2412 rumpebantur.
1289 2357 1456 2397 etenim

83 2424 283 2480 'singulis
305 2422 514 2466 omnibus
532 2437 643 2481 quae
663 2431 765 2467 aute
787 2424 905 2466 dicta
934 2430 1064 2466 erant
1088 2425 1264 2479 egregie
1281 2423 1456 2465 adstre-

28 2530 30 2533 ,
93 2498 292 2550 puerant
323 2491 410 2533 soli
437 2486 714 2548 Euthydemi
742 2492 962 2543 cultores,
1015 2490 1091 2533 hic
1122 2499 1274 2546 eutem
1310 2504 1454 2548 paene

33 2572 39 2579 ⁸
94 2562 233 2603 etiem
259 2557 494 2602 columnae
514 2557 656 2617 Lycei
685 2560 1037 2616 adstrepuerunt
1054 2561 1165 2603 viris
1191 2566 1238 2601 et
1263 2558 1454 2602 laetatae

94 2635 213 2670 sunt.
255 2634 390 2684 atque
411 2629 508 2689 ipse
525 2641 706 2684 quoque
725 2642 805 2684 ego
827 2632 884 2668 ita
904 2626 1086 2669 affectus
1104 2640 1207 2668 sum
1226 2633 1279 2669 ut
1300 2625 1453 2668 nullos

92 2695 335 2740 confiterer
356 2709 429 2738 me
448 2710 661 2754 umquam
680 2695 885 2739 homiues
905 2695 1066 2739 vidisse
1089 2702 1184 2737 tem
1214 2697 1453 2753 sapientes,
