1696 2898
955 95 966 126 i

555 203 1070 257 8P18T010A'v11
1394 215 1486 255 181

117 333 274 376 sertim
298 327 580 376 auditionum
607 329 783 390 plenia
816 328 939 387 quod
963 328 1146 389 quidem
1170 333 1323 375 stetim
1339 337 1395 375 ut
1410 342 1487 375 ve·

116 414 274 444 ueram
292 399 515 456 Dionysio
540 414 720 458 quoque
744 400 952 443 accidisse
978 398 1204 444 intellexi.
1233 397 1396 443 talibus
1413 400 1482 443 vi-

116 467 276 513 delicet
294 468 470 512 ostendi
489 475 690 527 oportet,
724 481 836 524 quae
857 470 914 510 sit
935 482 1006 511 ree
1025 470 1234 511 universe
1255 473 1302 510 et
1321 463 1484 524 queliu,

115 538 295 593 quantis
314 538 502 593 negotiis
521 543 765 594 peragetur
781 544 824 580 et
841 543 1059 593 quantum
1078 534 1244 579 laboris
1265 537 1480 591 requiret.

114 607 207 649 iam
227 607 264 649 is
285 606 360 662 qui
381 606 573 659 audivit,
610 607 647 647 si
669 619 770 647 vere
791 610 857 647 est
878 602 1174 663 philosophus
1195 611 1240 646 et
1266 610 1484 659 cognatae

114 685 254 730 reque
268 673 444 729 dignus,
459 675 627 732 quippo
645 674 839 728 divinus,
850 672 1158 717 admirandam
1179 685 1227 714 ee
1239 673 1357 715 viem
1374 684 1483 729 per-

114 743 284 799 cepisse
305 740 564 797 arbitratur,
574 741 747 798 sibique
766 755 889 784 nuno
902 739 1266 785 contendendum
1283 752 1380 782 esee
1399 752 1483 782 uec

113 809 357 853 vivendum
382 809 513 853 aliter
533 809 737 863 sscienti3
771 809 932 853 deiude
952 815 1094 852 temet
1115 810 1265 868 ipsum
1285 813 1332 850 et
1349 804 1483 850 huius

114 879 210 920 viae
230 877 388 921 ducem
407 877 643 922 stimulans
661 892 753 920 uon
766 880 953 921 remittit
964 880 1090 936 prius
1105 890 1243 934 quam
1257 874 1328 919 vel
1345 873 1482 918 finem

113 946 320 988 omnibus
334 947 598 1002 imposuerit
620 946 691 988 vel
714 945 971 989 facultatem
993 944 1107 988 hauc
1127 945 1315 1004 adeptus
1332 940 1481 995 fuerit,

111 1021 165 1056 ut
186 1027 232 1058 se
254 1016 349 1071 ipse
371 1017 467 1057 sine
494 1021 882 1058 commonstrante
912 1014 1063 1071 aliquo
1091 1015 1231 1071 possit
1250 1011 1482 1056 deducere.

111 1079 199 1125 hoo
220 1082 355 1124 modo
376 1089 419 1124 et
437 1083 497 1125 ita
518 1085 712 1126 sentiens
737 1083 837 1125 talis
858 1084 981 1135 vivit,
994 1095 1212 1141 peragens
1232 1079 1412 1139 quidem
1427 1081 1479 1123 iu

112 1150 274 1207 quibus
291 1158 497 1194 versatur
515 1166 600 1205 res,
614 1154 661 1193 iu
678 1150 884 1194 omnibus
902 1165 1011 1196 vero
1027 1147 1342 1209 philosophiae
1362 1162 1483 1191 sem-

109 1233 194 1277 per
229 1218 546 1263 adhaerescens
577 1227 622 1263 et
649 1220 870 1263 eiusmodi
905 1220 1190 1277 quotidianae
1217 1218 1336 1262 vitae
1367 1228 1481 1275 quae

108 1288 261 1344 ipsum
283 1289 479 1331 maxime
506 1287 700 1331 docilem
726 1295 771 1334 et
789 1301 1037 1332 memorem
1055 1293 1101 1329 et
1123 1286 1177 1330 ad
1205 1286 1478 1330 ratiocinan-

108 1354 219 1398 dum
239 1355 462 1399 valentem
484 1358 593 1399 etin
611 1370 659 1398 se
679 1359 779 1414 ipso
798 1356 1052 1399 modestum
1070 1353 1360 1411 sobriumque
1382 1351 1480 1397 effi-

108 1425 220 1478 ciatt,
254 1425 507 1467 contrariae
531 1431 682 1467 autem
710 1430 985 1481 perpetuum
1010 1422 1167 1466 odium
1188 1419 1332 1465 habet.
1398 1424 1478 1480 qui

107 1498 259 1534 autem
282 1505 438 1537 revera
458 1506 550 1534 nou
567 1500 672 1534 sunt
693 1489 964 1550 philosophi,
991 1491 1068 1535 sod
1088 1490 1378 1550 opinionibus
1400 1505 1476 1532 co-

104 1557 266 1613 lorati,
312 1559 692 1617 quemadmodum
719 1561 798 1617 qui
822 1573 1016 1618 corpore
1044 1573 1070 1601 a
1097 1558 1193 1602 sole
1218 1559 1375 1603 adusta
1397 1557 1479 1602 be-

107 1625 229 1679 bent,
265 1627 672 1671 animadvertentes
690 1635 802 1684 quot
818 1627 1081 1685 disciplinae
1103 1630 1194 1669 sint
1214 1634 1259 1668 et
1280 1634 1477 1683 quantus

106 1698 167 1737 sit
189 1694 318 1737 labor
338 1701 383 1736 ot
405 1699 550 1737 victus
571 1695 856 1752 quotidianus
879 1697 1151 1737 conveniens
1172 1707 1310 1750 quem
1332 1692 1478 1738 modi·
1553 1720 1558 1746 ν,

106 1777 198 1814 cus,
234 1775 333 1804 rem
353 1759 594 1814 difficilem,
614 1775 750 1817 quam
775 1768 968 1804 tractare
987 1768 1228 1819 nequeant,
1252 1759 1479 1804 arbitran-

107 1836 187 1873 tur
206 1844 314 1884 esee,
339 1844 421 1871 nec
442 1840 492 1871 ut
509 1832 550 1872 ei
569 1830 778 1872 studeant
796 1828 895 1872 ullo
918 1829 1055 1872 modo
1076 1829 1236 1873 adduci
1256 1835 1476 1887 possunt;

106 1898 289 1955 quidam
310 1911 420 1940 vero
447 1912 603 1940 eorum
624 1896 707 1940 sibi
730 1899 816 1955 ipsi
839 1898 1111 1956 persuadent
1132 1911 1181 1942 se
1200 1901 1352 1940 omnia
1371 1899 1476 1940 satis

107 1965 351 2019 audivisse,
387 1979 471 2008 nec
491 1965 583 2008 ulla
609 1963 753 2007 adhuc
774 1979 822 2008 re
840 1964 923 2008 sibi
942 1980 1055 2024 opus
1080 1979 1186 2009 esse.
1234 1964 1343 2023 haee
1365 1979 1475 2011 vero

104 2033 315 2093 probatio
343 2040 389 2076 et
410 2031 645 2077 manifesta
669 2041 713 2076 et
738 2036 958 2079 tutissima
979 2041 1047 2076 est
1069 2037 1118 2076 in
1138 2033 1358 2085 delicatis,
1397 2036 1476 2091 qui

105 2101 308 2146 laborem
339 2100 538 2146 tolerare
560 2109 816 2159 nequeunt,
859 2109 912 2145 ut
931 2116 989 2145 ne
1007 2116 1222 2158 umquam
1243 2105 1292 2144 iu
1315 2103 1475 2146 ducem

106 2170 287 2229 culpam
307 2167 530 2223 inferant,
568 2171 645 2213 sed
666 2172 849 2228 quisque
869 2172 918 2212 in
937 2178 1080 2213 semet
1101 2172 1251 2229 ipsum
1265 2203 1276 2222 ‚
1305 2173 1478 2230 quippe

107 2240 185 2299 qui
206 2253 299 2283 nou
317 2241 460 2298 possit
483 2239 537 2283 ad
561 2242 711 2283 omnia
732 2239 786 2281 ad
809 2252 906 2281 rem
923 2239 1256 2282 accommodata
1276 2239 1475 2283 studium

108 2303 329 2352 conferre.
398 2315 446 2350 et
473 2310 535 2350 ita
564 2307 745 2366 quidem
768 2305 992 2364 Dionysio
1020 2321 1200 2364 quoque
1222 2314 1332 2351 tunc
1355 2307 1475 2351 diota

108 2381 216 2418 sunt
237 2389 348 2432 quae
365 2375 482 2420 dicta
498 2384 618 2420 sunt.
657 2377 810 2419 omnia
827 2389 936 2418 vero
955 2389 1102 2433 neque
1122 2389 1204 2432 ego
1222 2389 1474 2433 persequu-

106 2450 181 2486 tus
201 2457 328 2500 sum,
359 2457 507 2501 neque
527 2444 775 2501 Dionysius
797 2443 1087 2498 desideravit;
1120 2443 1265 2487 multa
1286 2446 1407 2488 enim
1426 2450 1474 2488 et

107 2513 306 2554 maxima
325 2526 372 2559 se
390 2514 539 2569 ipsum
555 2516 667 2555 scire
686 2520 732 2556 et
751 2514 855 2554 satis
869 2518 1025 2556 tenere
1036 2512 1285 2566 simulavit,
1307 2514 1472 2570 quippe

107 2594 221 2637 quae
240 2579 293 2622 de
315 2583 473 2624 ceteris
492 2582 746 2625 audivisset.
778 2588 934 2640 postea
953 2595 1063 2624 vero
1083 2580 1216 2624 audio
1233 2590 1337 2627 §um
1361 2582 1475 2623 scri-

106 2650 245 2705 psisse
266 2650 320 2690 de
339 2647 430 2690 illis
449 2664 561 2707 quae
575 2658 684 2692 tuno
702 2648 959 2702 audivisset,
977 2656 1022 2691 et
1041 2651 1344 2706 composuisse
1360 2655 1476 2690 tam-

107 2729 243 2772 quam
264 2730 391 2760 suam
412 2726 572 2774 artem,
594 2731 687 2762 uon
710 2717 764 2760 ab
785 2716 884 2760 anis
906 2725 1191 2776 perceptam5
1225 2730 1383 2761 verum
1404 2718 1476 2758 ni-
