1696 2898
512 137 1070 185 Hirrusumon:
1374 144 1467 183 295

106 281 229 313 cares
252 269 301 311 in
327 262 435 310 foro
456 262 514 309 ad
539 276 732 308 menses.
775 262 920 307 siebes
948 268 1101 306 autem
1125 268 1168 306 te
1194 261 1368 307 venisse
1385 260 1471 322 sii-

105 335 285 396 quando
307 332 597 393 Olympiam,
630 330 747 376 nihil
767 333 817 375 in
836 345 1030 389 corpore
1050 330 1313 387 habentem,
1345 327 1471 388 qnod

103 419 199 448 non
215 410 291 447 tua
310 405 406 461 ipse
426 416 567 446 manu
590 399 867 446 confecisses.
897 414 947 443 ac
962 402 1165 459 primum
1187 400 1366 457 quidem
1385 413 1470 443 an-

99 471 263 516 nulum
282 469 411 530 (hinc
429 472 549 514 enim
572 484 762 516 exorsus
783 473 850 526 es)
875 482 988 527 opus
1012 475 1141 510 tuum
1164 466 1314 521 fuisse,
1336 469 1466 526 quip-

96 554 156 600 pe
178 542 255 597 qui
277 542 412 584 scires
436 531 633 583 annulos
655 537 878 597 scalpere,
909 536 1139 594 aliumque
1160 535 1382 579 annulum
1402 539 1466 578 si-

95 608 211 667 gillo
232 615 449 652 ornatum
468 614 513 652 et
530 606 752 664 strigilem
779 613 825 649 et
845 619 919 649 vas
941 604 1186 658 olearium,
1233 617 1346 664 quae
1366 606 1463 663 ipse

95 675 299 732 fecisses,
343 676 507 721 deinde
529 676 701 720 calceos
723 674 891 735 ¹quibus
909 669 1095 719 indutus
1111 685 1227 715 esses
1250 678 1292 716 te
1312 674 1461 730 ipsum

93 745 267 788 dicebas
287 743 555 799 confecisse,
580 753 715 803 atque
737 747 871 787 etiam
890 741 1082 801 pallium
1106 742 1302 784 texuisse
1323 747 1369 783 ct
1389 747 1461 783 tu·

92 817 269 869 nicam3
303 821 358 868 et,
383 814 430 859 id
450 814 574 872 quod
594 812 804 857 omnibus
824 814 968 855 visum
984 818 1051 855 est
1074 808 1458 855 mirabilissimum

91 896 380 941 summaeque
396 884 640 941 sapientiae
662 882 1008 934 documentum,
1050 893 1212 922 zonam
1240 876 1456 920 narrabas

90 955 269 995 tunicae
301 965 438 1009 quam
471 949 697 994 habuisses
728 948 866 994 fuisse
900 948 1036 992 talem
1068 947 1220 1006 quales
1250 943 1455 990 Persicae

86 1028 236 1062 essent
255 1017 492 1063 hominum
508 1027 890 1079 sumptuosarum,
909 1031 1096 1074 eamque
1116 1023 1160 1060 ιο
1178 1018 1327 1075 ipsum
1341 1029 1453 1060 con-

87 1091 298 1131 texuisse
350 1096 586 1148 praeterea
608 1090 782 1132 venisse
802 1094 955 1130 tecum
975 1085 1213 1128 habentem
1235 1083 1451 1144 poemata,

85 1163 131 1199 et
153 1159 275 1214 epica
299 1164 345 1200 et
365 1159 532 1213 tragica
563 1163 607 1199 et
628 1154 979 1214 dithyrambica,
1009 1153 1261 1214 multasque
1282 1154 1451 1196 oratio-

84 1240 163 1267 nes
186 1228 333 1268 omnis
362 1227 539 1282 generis
560 1225 705 1268 modis
727 1239 820 1269 non
843 1223 1090 1267 adstrictas.
1130 1229 1263 1280 atque
1281 1223 1449 1265 ortium

82 1308 189 1351 quas
221 1307 304 1350 ego
332 1294 469 1336 modo
497 1294 595 1336 dixi
623 1295 839 1336 scientem
870 1298 914 1333 te
938 1293 1111 1333 venisse
1137 1303 1247 1348 prae
1272 1291 1447 1343 ceteris,

79 1368 177 1403 tum
199 1364 334 1404 etiam
356 1375 656 1404 numerorum
684 1367 730 1403 et
749 1359 1094 1403 harmoniarum
1123 1365 1167 1400 et
1190 1358 1447 1401 litterarum

77 1437 227 1473 rectae
249 1432 452 1483 rationis,
483 1436 528 1472 et
547 1429 742 1472 aliorum
764 1434 996 1487 praeterea
1019 1426 1370 1485 permultorum,
1395 1434 1445 1469 ut

76 1511 160 1555 ego
179 1498 335 1542 videor
354 1500 622 1540 meminisse.
652 1511 926 1554 quamquam
948 1495 1115 1539 oblitus
1137 1510 1236 1538 sum
1261 1494 1369 1548 fere,
1391 1501 1444 1538 ut

73 1573 222 1624 patet,
259 1569 364 1610 artis
389 1574 490 1610 tuac
511 1569 778 1619 memoriae,
808 1568 856 1608 in
884 1580 971 1624 qua
1003 1572 1047 1607 te
1078 1563 1263 1623 putabas
1285 1563 1444 1608 claris-

74 1636 184 1677 sime
212 1635 610 1692 exsplendescere3
651 1638 818 1694 opinor
847 1638 978 1677 ctiam
1008 1633 1205 1676 aliorum
1232 1648 1306 1676 me
1335 1647 1443 1691 per·

73 1701 328 1744 multorum
357 1702 547 1746 oblitum
576 1716 683 1744 esse.
723 1704 840 1754 iam,
870 1702 991 1757 quod
1011 1701 1131 1752 dixi,
1167 1707 1214 1742 et
1235 1700 1315 1742 has
1340 1707 1440 1742 tuas

73 1777 191 1810 artes
211 1776 416 1826 spectans
435 1770 572 1822 (satis
595 1783 704 1812 vero
730 1769 898 1812 multae
918 1772 1052 1823 sunt)
1074 1774 1117 1810 et
1138 1768 1436 1823 reliquorum,

73 1837 141 1878 dic
163 1835 284 1888 mihi,
320 1836 458 1879 sicubi
479 1840 703 1880 inveneris
723 1853 780 1880 ex
803 1835 873 1878 his
897 1850 1009 1893 quae
1031 1843 1076 1877 et
1098 1849 1180 1891 ego
1201 1842 1244 1878 et
1264 1843 1312 1879 ιιι
1328 1850 1438 1878 con-

71 1907 297 1958 cessimus,
319 1905 396 1947 ubi
416 1919 556 1949 verax
578 1913 622 1948 et
640 1906 836 1949 mendax
857 1907 947 1947 sint
969 1906 1182 1962 separati,
1202 1918 1295 1945 nou
1314 1917 1434 1947 unus

69 1972 300 2030 idemque:
334 1975 383 2016 in
414 1987 693 2031 quocumque
723 1976 790 2017 vis
820 1975 1036 2031 sapientia
1069 1970 1154 2014 hoc
1182 1979 1330 2030 specta
1356 1971 1429 2015 vel

66 2041 241 2084 malitia
261 2041 333 2085 vel
355 2055 657 2102 quaecumque
676 2041 758 2085 tibi
778 2042 927 2100 placet
948 2040 1208 2100 appellatio..
1242 2055 1337 2084 nou
1356 2042 1428 2084 in·

66 2112 243 2162 venies,
275 2112 440 2165 amice;
474 2124 570 2152 non
592 2113 715 2152 enim
735 2112 987 2168 reperitur3
1018 2123 1123 2151 nam
1143 2109 1227 2151 dic.
1259 2159 1265 2165 .

163 2176 287 2236 ΗιῬ.
330 2176 397 2220 Αι
418 2192 512 2220 non
533 2192 743 2239 possum,
773 2176 968 2228 Socrate,
999 2191 1122 2220 nunc
1142 2180 1205 2219 sic
1225 2179 1392 2222 statim.

171 2245 245 2288 So.
284 2244 444 2302 Neque
465 2249 599 2289 etiam
623 2248 816 2305 poteris,
851 2252 902 2287 ut
926 2244 1136 2290 arbitror.
1176 2247 1266 2290 iam
1289 2248 1325 2287 si
1343 2260 1420 2288 ve·-

61 2327 166 2355 rum
199 2314 322 2366 dico,
367 2315 628 2368 recordare,
673 2314 780 2373 quid
809 2327 1086 2374 consequens
1116 2316 1174 2359 sit
1201 2316 1418 2388 orationis

58 2388 264 2435 nostrae,
299 2381 482 2441 Hippia.

157 2449 278 2509 ΗιῬ.
316 2448 451 2495 Haud
473 2465 578 2496 sane
600 2450 824 2509 intelligo,
860 2450 1055 2505 Socrate,
1090 2451 1195 2509 quid
1220 2450 1352 2494 dicas.

160 2517 232 2561 So.
277 2517 437 2574 Neque
458 2522 580 2562 enim
600 2517 789 2564 fortasse
813 2535 933 2565 nunc
958 2529 1103 2571 artem
1122 2520 1302 2566 adhibes
1322 2535 1415 2563 me-

55 2588 250 2642 moriae3
289 2594 415 2644 patet
434 2602 541 2632 vero
562 2594 606 2630 te
626 2603 717 2631 non
737 2597 899 2647 putare
917 2605 968 2635 ca
987 2606 1101 2649 opus
1122 2605 1229 2635 esse.
1263 2597 1308 2632 at
1330 2605 1413 2647 ego

58 2653 136 2696 tibi
165 2657 214 2697 in
247 2658 512 2702 memoriam
543 2657 768 2703 reducam.
809 2662 893 2705 scis
915 2668 959 2706 te
981 2659 1209 2704 Achillem
1229 2660 1410 2718 quidem
