1696 2898
481 158 836 201 ΕΡιεΤοωι
879 158 993 200 vu.
1326 137 1445 204 εντ’

60 284 172 327 dens
194 295 266 324 me
285 294 443 333 senem,
461 292 556 323 esse
576 271 660 324 neo
689 293 847 323 eorum
873 291 991 336 qnae
1010 292 1132 324 nunc
1158 288 1427 339 gererentur

59 351 159 394 fieri
184 352 426 409 quicquam
450 351 533 400 ita,
571 355 625 392 nt.
642 349 763 392 inter
783 362 863 390 nos
887 351 1183 394 convenisset.
1247 353 1428 395 videtur

59 426 209 462 eutem
242 425 399 476 postea
422 413 654 476 Archytae
680 417 734 459 nd
759 414 1032 471 Dionysium
1062 421 1292 463 accessisse
1321 419 1426 478 (ego

61 489 181 531 enim
202 494 306 529 unte
327 486 568 529 discessum
591 483 943 542 hospitalitatem
965 491 1011 527 et
1040 488 1282 531 amicitiam
1304 490 1428 531 inter

60 553 314 612 Archytam
331 552 697 611 Tarentinosque
722 560 767 595 et.
786 551 1060 612 Dionysium
1081 556 1427 600 conciliantem

62 631 107 666 et
127 623 288 667 deinde
305 619 689 680 enavigavernm)‚
726 628 772 664 et
793 619 981 665 fuerunt
1002 635 1185 680 qnoque
1202 623 1300 679 elii,
1341 623 1427 682 Sy-

61 693 230 736 racusis
251 693 329 748 qui
350 705 407 733 ex
432 690 581 733 Dione
602 687 826 732 nonnulle
848 691 1137 744 audiverant,
1176 692 1253 735 elli
1270 696 1350 748 qui
1367 707 1426 736 ex

62 759 148 814 his,
177 762 241 802 ita
256 766 310 802 ut
329 759 609 802 auditionum
632 758 915 816 quarundam
935 757 1309 818 philosopherum
1329 760 1428 821 ple·

63 830 111 871 ni
139 834 309 879 essent,
338 830 414 885 qui
434 829 646 871 videntur
667 825 778 869 mibi
799 829 948 870 coneti
966 841 1060 870 esse
1079 843 1183 873 eum
1202 826 1427 887 Dionysio

66 897 120 940 de
141 894 208 938 his
228 895 458 951 disserere,
479 900 601 953 quasi
618 894 863 953 Dionysius
885 898 1035 939 omnia
1056 896 1300 942 audivisset.
1315 911 1428 956 quae

66 979 148 1020 ego
171 966 398 1008 sentirem.
462 962 564 1006 huic
594 978 726 1017 vero,
770 966 938 1023 quippe
960 967 1035 1022 qni
1063 978 1211 1022 neque
1237 965 1348 1011 alies
1372 966 1427 1009 ed

66 1033 326 1077 discendum
355 1035 535 1091 ineptus
565 1034 623 1075 sit
655 1040 700 1075 et
730 1032 916 1075 mirifica
945 1033 1188 1076 ambitione
1221 1034 1428 1086 ducatur,

64 1100 336 1161 placuerunt
356 1097 544 1143 fortasse
559 1116 608 1144 en
630 1115 743 1157 quae
756 1101 872 1144 dicta
882 1108 988 1144 sunt
998 1100 1278 1161 erubuitque,
1289 1116 1429 1161 quum

66 1176 305 1227 appareret
338 1168 452 1210 nihil
477 1182 524 1210 se
553 1170 776 1212 audivisse
805 1175 904 1212 tum
932 1183 1071 1226 quum
1103 1183 1185 1226 ego
1209 1171 1431 1220 adessem3

67 1240 278 1294 quocirca
301 1236 464 1279 clarius
487 1238 693 1280 audiendi
713 1251 817 1280 eum
837 1238 1055 1295 cupiditas
1079 1240 1244 1282 invasit
1271 1238 1431 1282 simu!-

68 1319 155 1361 que
175 1304 359 1347 ambitio
380 1307 624 1363 instigavit.
659 1320 794 1363 quum
817 1319 925 1348 vero
946 1304 1003 1348 eb
1024 1320 1199 1350 causam
1216 1303 1334 1350 nihil
1352 1321 1430 1350 eu-

67 1375 231 1417 diverit
250 1375 297 1416 iu
317 1375 553 1432 superiore
575 1375 946 1427 commoratione,
979 1386 1117 1433 cupre
1135 1374 1264 1418 dictis
1287 1390 1432 1435 expo-

67 1444 252 1486 suimus.
320 1447 559 1500 postquem
587 1443 729 1500 igitur
747 1439 942 1484 domum
963 1441 1114 1485 salvus
1143 1456 1355 1487 venerem
1386 1451 1434 1486 et

66 1517 257 1555 vocante
281 1508 364 1551 illo
392 1510 614 1562 secundo,
647 1516 701 1552 nt
720 1509 841 1563 dixi,
877 1522 1210 1564 recusaret-am,
1251 1512 1434 1556 videtur

66 1576 178 1623 mihi
198 1576 444 1634 Dionysius
477 1575 561 1621 hoe
583 1580 773 1621 omnino
793 1576 1026 1622 ambitiose
1047 1579 1346 1636 contendisse,
1375 1594 1432 1623 ne

69 1645 334 1704 quibusdam
349 1645 528 1690 viderer
547 1648 697 1706 ipsum
718 1653 1013 1689 contemnere
1031 1650 1085 1689 ut
1105 1649 1182 1703 qui
1201 1647 1435 1703 ingenium

70 1722 114 1758 et
144 1713 404 1758 facultatem
433 1719 479 1754 et
507 1714 676 1756 victum
709 1714 804 1754 eius
833 1718 1052 1790 expertus
1081 1726 1250 1770 essem,
1295 1728 1436 1774 eaque

69 1795 280 1824 aversans
299 1782 388 1823 iam
412 1777 539 1823 nolle
561 1779 616 1823 ad
639 1782 791 1838 ipsum
810 1780 980 1822 venire.
1007 1783 1101 1842 par
1117 1787 1184 1824 est
1201 1782 1366 1838 igitur
1362 1792 1437 1827 me

70 1863 151 1894 vei
156 1864 230 1891 um
250 1848 398 1890 dicere
419 1856 464 1891 et
486 1849 771 1902 sustinet-esti
793 1848 894 1904 quis
915 1839 1074 1891 auditis
1098 1846 1170 1891 his
1187 1863 1313 1915 quae
1318 1846 1435 1895 facta

70 1925 178 1963 sunt.
199 1914 540 1975 philosophiam
560 1929 714 1960 meam·
726 1921 1006 1970 contemnat,
1059 1922 1310 1982 tyrannum
1324 1912 1436 1963 vero

71 1999 226 2048 sapere
246 1987 490 2028 existimet.
534 1986 658 2027 misit
688 1974 810 2027 enim
839 1981 1087 2041 Dionysius
1118 1988 1255 2028 tertio
1283 1975 1338 2030 ad
1362 2001 1437 2031 me

0 2047 3 2102 3.
71 2058 305 2098 triremem
325 2049 469 2095 facilis
490 2054 785 2115 navigationis
803 2055 976 2110 gratia,
1018 2055 1143 2096 misit
1166 2067 1276 2098 vero
1299 2057 1436 2098 etiam

1 2113 18 2126 ⁰
70 2120 430 2173 Archedemum‚
464 2135 609 2165 unum
629 2118 920 2166 familiarium
936 2118 1196 2187 Archytae,
1221 2124 1358 2180 quem
1377 2137 1436 2168 ex

72 2189 233 2236 Siculis
253 2189 443 2250 plurimi
462 2203 534 2231 me
552 2188 699 2233 fecere
719 2188 919 2247 putabat,
941 2188 1144 2247 aliosque
1163 2182 1336 2234 Siculos
1356 2206 1439 2247 uo·

73 2265 172 2315 tos·
193 2255 244 2316 bi
257 2268 367 2303 vero
377 2272 534 2303 omnes
545 2258 664 2302 idem
682 2255 794 2300 mihi
809 2259 1149 2311 nuntiaverunt,
1159 2243 1439 2319 Dionysium

74 2327 243 2371 mirum
262 2324 483 2385 quantum
505 2328 553 2368 in
568 2324 854 2386 philosophie
867 2323 1124 2385 profecisse.
1147 2329 1435 2372 misitautem

10 2401 11 2410 ¹
76 2391 316 2454 epistolam
342 2393 585 2457 admodum
617 2393 826 2453 longam,
876 2408 1016 2454 quum
1034 2401 1190 2438 nosset
1211 2397 1438 2454 quomodo

77 2477 183 2520 erga
203 2461 403 2507 Dionem
427 2461 611 2506 affectus
633 2477 773 2506 essem
794 2470 840 2506 et
859 2468 1144 2521 quantopere
1165 2460 1239 2506 hic
1260 2471 1439 2544 optaret

77 2539 131 2574 ut.
150 2532 406 2588 navigarem
423 2530 719 2588 etSyracuses
731 2530 1066 2591 proficiscerer-3
1088 2530 1143 2574 ad
1155 2535 1308 2576 omnia
1316 2536 1439 2576 enim

22 2623 29 2630 —
77 2597 188 2642 haec
208 2612 395 2658 prorsus
414 2600 634 2645 instructa
655 2607 752 2644 erat
769 2599 959 2658 epistola
977 2601 1040 2643 ita
1059 2596 1158 2642 fere
1176 2600 1438 2645 exordiens:

78 2665 335 2723 Dionysius
355 2665 556 2713 Platoni.
597 2668 729 2713 dietis
758 2668 919 2715 deiude
949 2681 1063 2727 quae
1092 2676 1304 2713 consuete
1334 2679 1442 2712 sunt

134 2745 247 2787 Tem.
271 2743 351 2785 IX.
1078 2733 1123 2778 Ο
1139 2750 1168 2780 0
