1696 2898
528 151 532 166 '
558 155 1113 225 ntrrusumon.
1421 187 1515 229 ιω

215 301 372 364 *Hip
413 297 528 347 Non
551 298 733 346 videtur
749 303 797 344 in
813 297 900 344 hae
919 300 1103 358 quidem
1121 314 1184 345 re.
1332 297 1385 327 Ψ*
1402 311 1407 315 ·

246 372 323 416 So.
359 368 507 416 Visne
523 372 668 429 igitur
686 369 1025 414 consideremus
1043 372 1179 414 etiam
1197 367 1285 415 elie
1302 371 1352 416 in
1374 358 1479 416 re?

246 439 370 500 Hip.
410 437 528 483 Sane
551 441 590 482 si
611 445 663 482 tn
686 440 768 483 vie.

245 509 321 552 So.
365 507 537 552 Nonne
555 510 690 551 etiem
711 508 983 565 geometriae
1004 508 1180 567 peritus
1199 505 1282 551 es?

241 575 366 636 Hip.
408 575 509 634 Ego
527 590 652 621 vero.
660 592 666 595 ·

240 645 316 689 So.
360 643 480 699 Quid
504 643 676 702 igitur?
711 658 864 687 nonne
883 643 1038 691 eadem
1058 644 1108 686 in
1130 644 1398 702 geometria
1397 647 1513 688 ratio

143 716 244 758 est?
284 713 404 759 idem
422 716 624 758 maxime
648 722 798 773 potest
825 714 1009 757 mentiri
1029 719 1075 756 et
1092 723 1255 757 votnm
1280 711 1430 758 dicere
1457 712 1514 786 de

143 782 540 842 descriptionibus,
574 784 845 841 geometriae
861 780 1071 850 peritus?

201 850 373 912 Hip.
417 849 581 894 Etiam.

246 921 322 964 So.
364 916 442 964 Ad
463 918 544 964 has
565 921 708 977 igitur
725 918 871 963 bonne
889 917 1005 963 alius
1024 921 1150 977 quis,
1187 921 1275 964 nisi
1290 914 1401 962 hio?

248 988 370 1049 Hip.
416 988 527 1032 Non
546 988 676 1031 alius.
815 998 818 1002 ’

244 1057 316 1100 So.
359 1056 485 1115 Ergo
513 1056 659 1100 bonus
686 1071 737 1099 ac
760 1059 938 1115 sapiens
966 1062 1195 1115 geometra
1217 1056 1416 1101 maxime
1439 1068 1513 1099 va-

145 1125 209 1168 let
234 1128 473 1184 utriusque
495 1123 691 1168 faciendi
720 1122 952 1179 facultate,
993 1131 1039 1168 et
1058 1127 1096 1168 si
1117 1125 1218 1183 quis
1239 1123 1355 1168 elin·
1381 1137 1512 1168 meu-

145 1194 236 1237 dax
256 1196 387 1238 estin
410 1193 812 1253 descriptionibus,
845 1192 919 1236 hie
941 1195 1051 1246 erit,
1082 1192 1257 1247 bonnsg
1289 1191 1364 1236 hie
1389 1193 1511 1236 enim

144 1260 361 1306 facultate
390 1262 534 1317 valet3
571 1261 733 1305 nialus
754 1275 864 1304 vero
885 1275 980 1304 non
1003 1267 1186 1320 poterat
1205 1261 1414 1316 mentiri,
1460 1266 1512 1303 nt

142 1344 389 1390 numquam
419 1328 606 1372 futurus
628 1332 687 1372 sit
706 1330 904 1373 mendax
933 1331 1011 1387 qui
1036 1343 1131 1372 non
1147 1331 1294 1390 possit
1311 1330 1512 1382 mentiri,

141 1408 194 1443 nt
214 1402 335 1442 inter
351 1413 435 1441 nos
455 1400 684 1443 convenit.

245 1466 367 1526 Hip.
410 1465 526 1509 Sunt
549 1468 645 1509 ista.

243 1535 319 1580 So.
365 1533 532 1578 Adhuc
557 1537 692 1578 etiam
712 1536 902 1578 tertium
930 1535 1287 1588 consideremus,
1316 1532 1512 1577 astrolo-

141 1605 276 1663 gum,
321 1607 447 1647 euius
466 1604 647 1662 quidem
671 1611 721 1646 tu
744 1606 852 1647 artis
873 1605 1008 1646 etiam
1038 1606 1327 1647 scientim-ern
1356 1609 1402 1646 te
1431 1616 1512 1647 ex·

141 1676 312 1717 istimas
334 1685 428 1715 esse
450 1687 586 1730 quam
602 1674 922 1732 superiorum3
961 1685 1140 1724 nonne,
1171 1669 1378 1729 Hippia?

239 1739 362 1798 Hip.
402 1738 565 1782 Etiam.

246 1807 320 1850 So.
360 1805 530 1865 Nonne
551 1809 685 1850 etiam
707 1809 755 1848 in
778 1804 1022 1861 astrologia
1042 1805 1196 1848 eadem
1218 1812 1285 1849 est
1306 1803 1452 1849 ratio?

250 1873 365 1932 Hip.
410 1873 775 1918 Consentaneum
795 1888 932 1927 vero,
966 1871 1164 1918 Socrate.

252 1943 323 1989 So.
364 1941 514 1987 Etiam
533 1947 582 1987 in
611 1943 855 2001 astrologia
877 1945 1017 2000 igitur
1046 1946 1084 1985 si
1116 1945 1214 2001 quis
1243 1942 1357 1987 alins
1384 1952 1511 1986 mend

145 2013 251 2066 dax,
276 2011 423 2055 bonus
443 2012 700 2071 astrologus
716 2012 916 2056 mendax
936 2014 1039 2064 erit,
1058 2014 1095 2055 is
1114 2014 1191 2070 qui
1211 2018 1363 2071 potest
1381 2022 1511 2059 mem
1547 2030 1552 2033 ·

145 2083 251 2136 tiri;
286 2094 382 2123 non
400 2084 522 2124 enim
549 2083 741 2139 quinon
759 2085 934 2140 potest,
973 2082 1212 2140 imperitus
1238 2082 1376 2124 enim.

241 2148 361 2208 Hip.
403 2147 604 2192 Videtur
626 2151 703 2191 ita.

245 2217 320 2262 So.
364 2217 489 2262 Idem
515 2232 624 2275 ergo
654 2219 790 2261 etiam
810 2219 860 2261 in
882 2215 1126 2276 astrologia
1145 2230 1289 2263 verax
1314 2223 1363 2261 et
1380 2229 1509 2260 men·

144 2288 234 2332 dax
254 2287 358 2330 erit.

243 2353 364 2416 Hip.
404 2353 549 2402 Patet.

250 2420 331 2468 So.
381 2422 620 2483 Agedum,
657 2420 854 2482 Hippia,
892 2422 1162 2482 simpliciter
1188 2424 1253 2469 sie
1280 2428 1429 2481 specte
1457 2425 1507 2464 in

146 2491 357 2536 omnibus
377 2493 624 2545 doctrinis,
658 2507 718 2534 an
747 2492 881 2535 aliter
898 2497 956 2535 'se
983 2507 1056 2536 res
1084 2490 1245 2536 habeat
1270 2505 1407 2551 quam
1432 2493 1507 2533 ita.

146 2563 338 2604 omnino
358 2575 470 2605 vero
489 2561 794 2623 plurimarum
814 2563 982 2605 artium
1007 2563 1211 2604 onmium
1231 2568 1279 2604 tn
1303 2561 1508 2603 scientis-

146 2632 286 2671 simus
307 2643 353 2672 es
370 2627 626 2683 hominum,
653 2636 705 2672 ut
723 2643 806 2686 ego
827 2628 1055 2687 quondam
1075 2636 1119 2672 te
1136 2629 1286 2672 audivi
1304 2627 1508 2686 glorian·-

146 2704 236 2741 tem
249 2730 263 2752 ,
301 2711 442 2755 quum
463 2698 656 2742 multam
677 2704 723 2742 et
745 2698 1049 2757 expetendam
1069 2700 1336 2758 sapientiam
1356 2694 1508 2755 expli-
