1696 2898
587 112 1039 157 manonoctm.
1411 133 1504 172 ἵης)

125 231 399 292 patainei
412 237 459 275 te
470 231 592 279 male
609 238 879 281 traenntem
898 249 995 280 non
1007 237 1215 286 audivit?
1235 240 1366 289 Nihil
1382 246 1505 293 vide·

125 293 384 354 tnt‘41nqnit.
395 296 643 358 Cui-igitur
652 302 1231 362 tandem‚inquit,hominee
1242 314 1291 355 in
1304 312 1372 358 his
1382 317 1506 363 inter

121 375 170 409 se
182 370 404 419 accusant,
423 374 468 410 et
486 382 561 412 eos
573 370 756 427 quidem
769 374 846 430 qui
865 371 1040 431 abipsie
1058 389 1155 420 non
1173 387 1282 422 sunt
1290 387 1504 440 persuasi,

120 443 176 475 eo
187 433 307 489 quod
323 449 413 478 non
428 443 537 480 eunt
549 441 750 495 persuasi
765 442 1040 500 vituperant,
1073 453 1214 489 temet
1234 449 1355 504 ipsos
1377 467 1504 508 vere,

119 499 242 556 quod
258 515 350 545 non
377 509 707 562 persuaserint,
744 509 877 551 nullo
891 512 1081 556 omnino
1099 513 1246 558 modo
1256 529 1466 564 accusant
1478 521 1501 566 ἐ’

117 564 241 611 Tum
261 568 374 614 alius
394 575 492 629 quis
514 577 591 630 qui
604 574 773 630 aderat,
791 575 839 619 Si
857 580 968 635 quis,
979 580 1144 637 inquit,
1157 581 1363 645 aliquem
1387 587 1500 633 bene

115 641 327 681 tractavit
349 642 478 697 eique
490 642 747 699 'opitulatus
767 652 848 697 est,
863 653 908 689 et
925 646 1088 693 deinde
1101 650 1319 709 postulat,
1331 661 1383 698 nt
1402 659 1499 715 ipse

114 703 168 746 ab
189 705 333 750 altero
356 709 513 752 eodem
538 713 672 754 modo
695 720 926 769 tractetur,
947 713 1034 759 hoe
1053 724 1206 762 entem
1226 734 1323 764 non
1337 737 1499 768 conse-

114 775 643 829 quitur,nonneiurel1ic
654 795 755 824 eum
767 790 916 840 potest
929 783 1292 843 reprehendere?
1309 789 1495 849 Nonne,

114 841 273 898 inquit,
295 845 347 899 is,
365 859 388 887 a
409 860 501 902 quo
522 850 728 906 postulat
750 858 799 892 ut
819 852 974 895 eodem
996 855 1133 900 modo
1155 862 1389 913 tractetur,
1412 870 1494 906 aut

111 917 263 966 potest
284 910 397 956 bene
421 917 521 972 ipso
544 920 611 960 uti
635 925 712 959 aut
738 933 831 962 non
857 920 1042 978 potest?
1085 929 1132 967 et
1152 926 1190 967 si
1210 939 1302 970 non
1315 937 1490 987 potest,

111 979 343 1034 quomodo
370 989 491 1024 recte
511 985 761 1043 postulabit
779 987 1020 1046 postulans
1035 989 1092 1033 ab
1110 1005 1164 1049 eo
1184 994 1230 1037 id
1250 996 1370 1052 quod
1394 1012 1491 1043 non

109 1048 296 1103 potest?¹
332 1051 403 1092 ein
427 1057 578 1096 autem
597 1061 764 1111 potest,
788 1057 1017 1113 quomodo
1036 1056 1297 1106 huiusmodi
1314 1062 1491 1110 homini

107 1126 202 1158 non
216 1117 472 1174 persuasit?
494 1134 551 1163 an
571 1124 803 1178 quomodo
823 1124 928 1167 talia
951 1125 1150 1172 dicentes
1161 1137 1282 1175 reete
1298 1132 1485 1180 dicunt?

103 1179 177 1224 'At
200 1198 273 1226 me
298 1183 496 1242 hercule,
513 1190 677 1246 inquit,
695 1193 745 1234 in
759 1191 847 1235 hoc
867 1207 971 1237 eum
993 1200 1193 1241 accusari
1212 1207 1411 1259 oportet,
1432 1210 1486 1247 nt

103 1256 204 1293 tum
226 1251 298 1295 hic
316 1253 502 1311 posthac
520 1258 684 1301 melius
705 1262 856 1319 ipsum
885 1268 1049 1306 tractet
1071 1270 1170 1309 tum
1187 1265 1354 1325 reliqui
1371 1274 1485 1315 ami-

103 1321 165 1369 ci,
199 1324 484 1367 accusatione
505 1327 647 1383 ipsius
668 1329 835 1372 audita.
878 1327 1047 1374 Melius
1072 1346 1182 1376 vero
1209 1340 1483 1384 tractaturos

100 1399 211 1441 esse,
247 1390 411 1446 inquit,
447 1399 603 1437 utrum
621 1401 756 1452 putas
780 1399 817 1438 si
842 1397 1094 1442 audiverint
1113 1409 1233 1446 recte
1254 1403 1482 1452 dicentem

97 1461 143 1497 et
162 1457 496 1517 postulantem,
524 1475 606 1513 an,
637 1465 675 1504 si
693 1465 988 1521 peccantem?
1042 1466 1182 1513 Recte
1200 1471 1420 1519 dicentem
1442 1481 1480 1521 si

96 1523 370 1579 audiverint,
387 1529 548 1584 inquit.
580 1528 668 1572 Ille
694 1545 804 1575 vero
828 1547 983 1576 noune
1001 1544 1120 1581 recte
1139 1541 1373 1597 postulare
1397 1545 1479 1588 tibi

94 1591 366 1636 videbatur?
409 1593 583 1651 Etiam,
618 1601 781 1655 inquit.
826 1599 1071 1654 Quomodo
1098 1607 1271 1670 igitur?
1318 1613 1368 1653 in
1387 1611 1477 1656 hoo

94 1668 380 1704 accusantem
401 1666 437 1704 si
459 1665 732 1720 audiverint,
755 1682 813 1712 an
834 1669 999 1712 melius
1013 1674 1162 1730 ipsum
1183 1676 1476 1723 tractabunt?

91 1723 242 1769 Nullo
260 1729 413 1782 modo,
435 1732 598 1786 inquit.
631 1731 890 1784 Quamnam
903 1738 1048 1791 igitur
1061 1737 1119 1780 ob
1137 1753 1316 1786 cansam
1332 1746 1387 1789 de
1403 1745 1473 1790 his

92 1792 259 1851 aliquis
283 1796 540 1840 accusabit?
582 1797 793 1844 Invenire
815 1817 862 1846 se
885 1817 979 1846 non
999 1819 1133 1864 posse
1151 1812 1402 1870 respondit.

225 1927 460 1988 Arguebat
480 1935 663 1990 quidam
682 1934 913 1985 homiuem
933 1939 1130 1998 aliquem
1150 1947 1468 2009 simplicitatis‚·

87 1998 210 2055 quod
233 1998 323 2042 cito
342 2006 388 2045 et
409 2001 640 2058 quibusvis
652 2003 908 2050 hominibus
925 2009 1094 2066 aliquid
1106 2013 1354 2061 dicentibus
1367 2035 1464 2064 cre-

86 2067 238 2122 deret3
264 2071 431 2111 etenim
446 2070 617 2114 civibus
633 2073 814 2130 quidem
827 2083 875 2118 et
889 2073 1187 2124 familiaribus
1200 2082 1370 2141 aliquid
1391 2089 1463 2132 di·-

84 2134 290 2178 centibus
311 2135 447 2180 fidem
462 2136 615 2183 haberi
636 2155 720 2199 par
738 2145 1049 2195 est,eiusmodi
1063 2161 1170 2191 vero
1185 2147 1460 2217 hominibus,

83 2216 197 2259 quos
219 2217 365 2262 neque
386 2209 484 2262 quis
498 2208 660 2251 viderit
681 2222 827 2266 neque
849 2213 1069 2258 audiverit
1085 2223 1203 2272 ante,
1218 2218 1354 2264 fidem
1374 2223 1459 2278 has

80 2269 213 2325 bere,
245 2276 513 2331 praesertim
535 2278 572 2319 si
593 2277 691 2333 quis
713 2276 830 2322 haud
852 2282 1031 2336 ignoret
1051 2283 1291 2345 plerosque
1309 2289 1455 2336 bomi-

79 2352 160 2381 nes
183 2355 275 2382 esse
294 2354 430 2384 vanos
443 2350 493 2386 -et
512 2344 768 2402 improbos,
804 2348 1103 2406 simplicitatis
1129 2355 1307 2411 signum
1331 2358 1453 2407 haud

75 2406 179 2451 leve
202 2423 306 2469 esse.
351 2407 472 2453 Tum
496 2417 799 2471 praesentium
820 2416 980 2474 aliquis
1001 2417 1095 2477 Ego
1117 2436 1251 2479 vero,
1283 2429 1449 2487 inquit,

37 2523 42 2529 x
72 2483 284 2536 putaram
307 2483 348 2519 te
373 2492 478 2523 eum
503 2483 580 2538 qui
598 2484 688 2525 cito
710 2490 756 2525 et
774 2488 976 2541 quemvis
994 2491 1261 2548 perciperet,
1300 2497 1446 2540 multo

73 2543 224 2602 pluris
251 2542 509 2592 faciendum
535 2564 630 2593 esse
659 2565 864 2604 censere,
918 2568 1053 2611 quam
1076 2571 1178 2602 eum
1199 2563 1275 2617 qui
1305 2568 1444 2609 tande.

70 2609 189 2657 Sane
205 2628 288 2670 ego
308 2629 484 2675 censeo,
499 2619 572 2662 ait.
599 2617 721 2675 Quid
731 2621 887 2680 igitur,
905 2624 1067 2683 inquit,
1083 2641 1275 2684 accusas,
1295 2630 1440 2686 excito

127 2693 241 2735 rom.
266 2692 348 2735 lx.
471 2678 484 2683 “
598 2680 615 2685 “
1102 2693 1136 2741 F
1149 2693 1176 2739 f
