1696 2898
533 161 884 205 musmona
930 161 1078 206 vm.
1160 145 1162 147 ’
1380 169 1475 210 809

113 288 197 332 bna
227 284 439 342 afferant,
477 299 528 330 ea
551 298 696 344 neque
725 280 873 329 facilia
899 291 1007 328 aunt
1036 281 1092 328 ad
1119 283 1482 344 cognoscendum

114 370 274 413 nequo,
293 357 329 398 ai
352 356 529 413 cognita
550 351 737 406 fuerint,
756 353 809 396 ad
830 352 1172 412 perficiendum.
1202 357 1344 398 immo
1364 358 1482 400 eiua-

114 425 237 468 modi
270 421 508 469 concilium
541 430 587 464 et
609 422 709 464 talia
733 425 979 471 sententiae
1001 415 1225 483 expositio
1247 431 1354 467 voto
1374 431 1482 469 sunt

113 492 291 536 aimilia.
353 498 448 534 esto
475 492 615 548 igitur
645 492 835 534 omnino
866 496 1020 534 votum
1052 491 1277 547 quoddam
1310 492 1365 544 <a
1397 493 1481 536 diia

112 563 236 604 enim
261 562 422 617 cuique
441 566 486 602 et
505 559 679 602 dicendi
703 567 749 602 et
771 561 988 618 cogitandi
1008 574 1189 618 semper
1215 561 1394 605 initium
1415 568 1482 604 est

112 630 424 685 sumendum),
470 626 721 686 perfectum
751 635 901 671 autem
923 624 1066 671 fuerit
1096 626 1235 672 talem
1255 629 1480 687 quandam

110 698 239 742 vobis
260 699 482 741 rationem
501 696 770 753 significans.
790 710 913 743 nunc
930 694 1056 740 vobio
1079 703 1125 753 et
1144 694 1349 740 hostibus
1369 694 1480 750 fere,

112 782 135 808 a
160 779 249 823 quo
276 774 479 825 tempore
497 764 669 807 bellum
690 762 805 826 fuit,
851 771 1185 825 unavperpetuo
1204 762 1376 808 familia
1399 765 1481 808 do·

109 837 334 888 minatur,
351 848 487 892 quam
509 832 619 876 olim
640 836 976 879 constituerunt
994 840 1146 892 patrea
1163 836 1320 888 veatri,
1339 847 1480 892 quum

112 903 167 948 ad
197 917 421 947 summam
455 905 771 962 pervenissent
801 917 956 948 rerum
988 902 1377 962 desperationem,
1427 917 1481 946 eo

112 978 321 1032 tempore
353 986 444 1030 quo
474 985 703 1014 summum
740 974 789 1014 in
828 970 1086 1031 periculum
1114 978 1302 1017 venerat
1329 969 1482 1015 Sicilia

112 1039 397 1084 Graoeorum
419 1054 477 1083 ne
505 1054 528 1082 a
552 1038 997 1096 Carthaginiensibus
1028 1046 1122 1084 tota
1143 1031 1299 1084 eversa
1324 1037 1483 1103 barba-

113 1123 274 1153 rorum
304 1115 516 1152 naturam
548 1108 634 1151 aibi
660 1110 880 1154 indueret.
950 1115 1061 1152 tunc
1091 1110 1215 1152 enim
1243 1107 1484 1167 elegerunt

111 1175 389 1235 Dionysium
409 1179 484 1235 qui
491 1191 579 1236 ppe
595 1179 803 1221 iuvenem
818 1179 971 1236 reique
990 1175 1201 1220 militaria
1213 1179 1411 1237 peritum
1426 1176 1482 1221 ad

114 1249 311 1292 actiones
333 1246 551 1289 militares
571 1247 611 1288 ei
632 1247 964 1300 convenientes,
980 1245 1289 1289 consiliarium
1310 1257 1419 1289 vero
1437 1252 1484 1288 et

112 1317 338 1358 seniorem
360 1312 672 1373 Hipparinum
693 1315 747 1357 ad
765 1313 941 1358 Siciliae
959 1313 1177 1366 salutem,
1218 1312 1483 1360 ,dominato-

112 1398 200 1438 res,
223 1391 273 1427 ut
294 1383 463 1436 dicunt,
480 1390 700 1439 tyrannos
720 1389 944 1425 vocantes.
978 1389 1024 1424 et
1047 1384 1140 1425 aive
1161 1382 1262 1438 qnia
1283 1381 1483 1425 divinam

110 1450 347 1495 fortunam
366 1459 411 1494 et
423 1451 557 1494 deum
578 1452 669 1493 sive
682 1452 943 1508 principum
955 1451 1287 1494 virtutem'aive
1305 1457 1484 1495 utrum-

112 1534 200 1578 que
223 1535 326 1563 cum
346 1518 515 1563 civibus
538 1520 615 1574 qui
635 1524 746 1560 tunc
764 1515 954 1561 fuerunt
974 1516 1133 1563 salutis
1153 1532 1332 1563 canaam
1347 1517 1484 1563 fuisse

109 1588 209 1633 volt
236 1590 516 1639 existimare,
557 1592 626 1629 est
645 1588 707 1629 ita
727 1592 778 1628 ut
805 1587 1029 1644 quispiam
1056 1589 1306 1645 putaverint
1361 1586 1484 1631 salua

109 1664 231 1701 certe
253 1658 316 1699 ita
338 1658 400 1698 eis
424 1669 538 1712 quae
555 1660 664 1698 tuuc
678 1650 953 1710 gerebantur
971 1652 1148 1710 obtigit.
1182 1667 1325 1710 quum
1345 1656 1486 1710 igitur

110 1725 225 1770 tales
247 1723 315 1765 illi
334 1720 530 1774 fuerint,
581 1728 669 1779 par
689 1726 760 1763 eat
786 1719 1092 1764 aervatoribua
1112 1734 1270 1764 omnes
1290 1724 1487 1779 gratiam

109 1791 294 1837 habere.
321 1792 359 1832 si
378 1802 487 1833 vero
507 1794 690 1847 postero
701 1795 910 1845 tempore
928 1789 1138 1845 tyrannia
1153 1790 1342 1833 civitatis
1362 1790 1485 1835 dono

111 1874 208 1904 non
227 1865 349 1916 recte
371 1872 449 1901 usa
471 1865 558 1911 est,
602 1858 696 1899 eius
718 1857 784 1899 rei
801 1859 971 1914 partim
988 1868 1159 1915 poenas
1178 1855 1276 1913 dat,
1313 1861 1484 1917 partim

111 1927 310 1987 pendito.
341 1939 561 1984 quaenam
583 1931 734 1967 autem
754 1937 928 1983 poenae
947 1927 1200 1969 necessario
1221 1932 1369 1971 reciae
1384 1925 1486 1971 fue·

113 2000 209 2041 rint
229 1998 278 2038 in
302 1994 390 2038 hoc
410 2009 568 2039 rerum
587 1999 705 2036 statu
717 1991 739 2036 i·
771 1994 810 2035 ai
828 1992 1011 2051 quidem
1027 2006 1109 2037 voa
1129 1990 1261 2037 facile
1278 2008 1355 2039 eoa
1373 1994 1485 2039 effu·

113 2079 219 2122 gere
238 2065 425 2124 possetis
446 2069 491 2106 et
509 2064 604 2106 sine
622 2063 797 2119 magnis
815 2059 1031 2120 periculis
1050 2059 1384 2120 laboribusque,
1406 2070 1485 2107 aut

112 2134 184 2177 illi
201 2130 334 2176 facile
355 2133 666 2190 principatum
685 2143 847 2174 ruraua
868 2132 1071 2188 arripere
1089 2138 1290 2189 possent,
1304 2145 1363 2175 ne
1380 2146 1483 2176 aua·

115 2203 223 2247 dere
243 2200 425 2258 quidem
451 2213 631 2258 possem
659 2213 710 2242 ea
729 2212 845 2256 quae
865 2198 1068 2244 dicturus
1087 2213 1216 2255 aum3
1254 2213 1379 2243 nunc
1401 2214 1485 2245 au·-

112 2271 207 2314 tem
227 2268 382 2314 amboa
399 2282 480 2313 voa
501 2266 787 2312 considerare
803 2274 985 2326 oportet
997 2274 1043 2310 et
1058 2268 1109 2310 in
1127 2270 1394 2313 memoriam
1413 2282 1487 2315 re-

114 2352 302 2391 vocare,
334 2338 513 2395 quoties
543 2338 726 2393 utrique
755 2336 805 2379 in
833 2333 918 2379 hac
946 2348 1028 2394 ape
1058 2338 1293 2380 constituti
1312 2338 1410 2380 sitia
1432 2344 1485 2381 ut

113 2407 334 2467 putaretis
365 2405 462 2450 iere
490 2418 671 2464 semper
696 2417 894 2464 parvum
922 2402 1138 2461 quiddam
1168 2404 1320 2448 deesse
1351 2413 1487 2464 atque

115 2475 295 2519 obstare
324 2474 569 2531 quominus
597 2475 751 2516 omnia
778 2485 839 2516 ex
863 2473 1004 2517 animi
1029 2474 1253 2516 sententia
1279 2474 1486 2519 suceede-

114 2550 246 2597 rent3
266 2548 400 2599 atque
417 2544 551 2586 etiam
570 2539 659 2585 hoo
674 2547 882 2600 reputate
900 2553 1095 2600 parvum
1107 2539 1195 2584 hoc
1213 2555 1485 2600 magnorum

114 2619 161 2654 et
180 2609 468 2655 infinitorum
487 2609 716 2654 malorum
736 2622 917 2669 semper
933 2623 1112 2654 caueam
1132 2622 1227 2653 ease
1245 2623 1328 2653 nec
1344 2609 1485 2653 finem

112 2693 330 2735 umquam
359 2677 547 2737 habere,
590 2677 666 2725 aed
697 2680 777 2737 qui
803 2680 969 2726 veterio
996 2677 1107 2724 mali
1134 2677 1338 2723 videatur
1365 2677 1485 2733 finis,

170 2758 284 2800 Tem.
310 2756 387 2800 IX.
1117 2743 1160 2802 Q
1179 2759 1211 2805 ‘l
