1696 2898
562 105 915 150 EPISTOLA
962 108 1055 151 111.
1400 122 1495 164 ⁸29

123 227 266 277 tibnaz
288 219 290 221 ’
313 225 527 275 intellexi
556 228 678 275 enim
706 235 818 274 tnnc
845 235 894 274 et
922 242 1048 277 nune
1075 232 1288 294 intelligo
1313 214 1499 299 magn·-

123 296 477 355 immodieasque
502 309 614 357 opes
643 303 694 341 et
719 299 1006 358 privatorum
1028 308 1075 347 et
1099 306 1364 364 principum
1385 305 1500 366 fare,

123 372 216 425 quo
245 367 442 414 tndem
471 366 586 418 sint.
627 379 682 409 ee
701 364 860 424 plures
887 373 935 412 et
952 371 1149 416 maiores
1167 376 1346 419 nutrire
1373 376 1502 426 calu-9

122 428 372 480 mniatocee
391 430 690 491 hominesque
708 435 763 478 ad
786 434 1069 483 volantatem
1085 442 1211 500 turpi
1231 454 1336 487 oum
1357 443 1502 491 detri-

121 511 277 548 mento
297 504 622 546 commercium
642 500 856 548 habentes
869 518 884 547 ε
916 517 1010 563 que
1028 505 1214 554 nullum
1236 513 1380 556 mains
1399 528 1499 559 ma-

119 570 222 615 lum
245 572 430 617 divitiae
461 570 753 629 reliquaeque
784 574 1016 631 potentiae
1040 571 1278 621 facultates
1308 593 1502 638 procre-

123 646 219 685 ant.
251 646 452 683 attamen
475 638 685 684 omnibus
705 639 774 683 hi·
796 637 943 687 mise}
964 645 1097 698 veni,
1123 647 1332 703 cogitans
1351 653 1500 694 nemi·

122 722 231 754 nem
261 723 320 753 ex
349 710 502 752 amicis
527 710 576 754 in
597 707 683 752 hoc
706 707 869 756 debere
887 724 962 755 me
979 724 1212 768 uuum,
1247 716 1369 774 qnod
1387 732 1499 776 pro·

121 783 229 836 pter
262 778 514 823 socordiam
551 791 697 820 meam
729 780 881 823 omnia
909 793 1017 834 ana,
1075 794 1221 839 quum
1246 782 1374 830 salve
1400 800 1501 831 esse

122 848 404 904 potuissent,
437 849 677 904 perissent.
742 860 887 905 quum
915 854 1067 894 antem
1095 853 1318 898 venissem
1340 851 1499 915 (nosti

123 929 231 958 sane
259 922 310 958 tu
341 928 454 973 quae
483 914 645 959 dehinc
674 912 793 960 facta
820 924 928 962 aunt
956 918 1157 979 omnia),
1190 920 1415 980 postulari
1436 938 1499 969 ex
1582 910 1589 921 ’

121 983 421 1042 epistolarum
439 992 678 1039 convento,
694 991 745 1027 ut
756 982 956 1031 Dionem
973 986 1031 1031 de
1050 988 1216 1033 exsilio
1232 999 1499 1038 revocatum

120 1053 170 1094 iu
192 1050 547 1096 familiaritatem
567 1056 815 1112 reciperes,
858 1054 1061 1099 indicans
1080 1056 1228 1115 quali·
1247 1072 1344 1105 ease
1362 1059 1500 1106 debo-

121 1128 194 1163 rat
213 1119 519 1173 familiaritas,
551 1123 600 1165 in
630 1136 722 1180 qno
741 1124 780 1164 si
805 1121 918 1167 mihi
947 1131 1058 1168 tuno
1083 1124 1497 1187 obtemperaris-eo,

120 1186 310 1232 fortasse
332 1190 495 1234 melius
514 1204 560 1242 se
580 1205 652 1234 res
669 1189 913 1247 haberent,
939 1206 1076 1251 quam
1096 1209 1244 1250 nune,
1277 1202 1325 1241 et
1346 1195 1428 1241 ubi
1448 1206 1497 1242 et

95 1273 98 1277 ’
121 1256 373 1314 Syracusiis
405 1266 451 1302 et
478 1258 666 1316 reliquis
695 1257 906 1318 Graecis,
972 1268 1025 1304 ut
1055 1276 1160 1310 mea
1183 1260 1279 1309 fert
1306 1267 1496 1324 epiui03

120 1325 282 1369 deinde
303 1332 355 1368 ut
375 1325 491 1371 bona
513 1325 677 1370 Diouis
696 1331 875 1384 cognati
896 1327 1116 1375 haberent
1133 1331 1379 1391 postulavi,
1398 1349 1496 1381 nou

116 1402 172 1437 ut
183 1394 237 1438 ab
254 1397 351 1437 istis
362 1393 744 1439 distribuerentur
755 1410 867 1453 quos
890 1403 938 1440 tu
957 1401 1104 1452 nosti3
1132 1408 1368 1459 praeterea
1385 1418 1496 1448 een·

117 1466 188 1506 sui
203 1495 218 1519 ,
245 1477 360 1519 quae
378 1466 620 1521 quotannis
645 1467 846 1524 accipere
865 1469 1198 1522 consuevisset,
1237 1484 1379 1529 eaque
1396 1486 1497 1516 ma-

116 1533 215 1576 iora
243 1534 406 1586 etiam,
453 1546 549 1576 non
580 1533 786 1590 minora,
832 1548 908 1577 me
937 1543 1173 1594 praesente
1202 1539 1244 1582 ei
1270 1541 1494 1585 mittenda

117 1613 225 1643 esse.
270 1615 464 1657 quorum
484 1614 627 1656 quum
647 1599 762 1644 nihil
783 1604 1105 1660 impetrarem,
1130 1604 1255 1649 abire
1271 1607 1495 1654 volebam.

114 1675 167 1712 tu
199 1681 310 1710 vero
339 1669 502 1710 deinde
533 1671 795 1725 persuasisti
823 1669 935 1711 mihi
967 1677 1018 1712 nt
1044 1684 1220 1715 aunum
1240 1685 1495 1731 manerem&

115 1749 257 1792 quum
291 1738 584 1792 promitteres
611 1742 656 1778 te
685 1739 838 1778 omnia
861 1735 1026 1779 Dionis
1053 1737 1170 1782 bona
1196 1742 1493 1789 venditurum

115 1811 160 1846 et
199 1804 435 1846 dimidium
474 1817 635 1846 eorum
666 1801 942 1848 Corinthum
980 1807 1228 1852 missurum
1260 1810 1493 1869 reliquum

115 1886 225 1916 vero
246 1870 341 1913 filio
361 1885 443 1913 suo
465 1871 733 1914 relicturum
754 1886 860 1916 esse.
926 1874 1072 1918 multa
1094 1890 1236 1933 quum
1254 1893 1492 1927 recensere

114 1954 295 1999 possem
322 1954 348 1982 a
378 1947 421 1983 te
451 1942 695 1998 premissa,
763 1956 961 2000 quorum
996 1943 1181 1989 nullum
1209 1951 1491 2007 praestitisti,

113 2015 305 2067 propter
353 2008 692 2052 multitudinem
739 2023 899 2054 eorum
948 2011 1144 2057 breviter
1194 2016 1490 2075 complector-2

112 2085 353 2136 postquam
371 2079 494 2119 enim
516 2079 667 2120 omnia
686 2077 808 2125 bona
824 2080 1087 2124 vendideras
1097 2079 1247 2127 Dione
1263 2099 1355 2127 non
1379 2101 1490 2129 con·

115 2147 358 2202 sentiente,
406 2145 512 2189 licet
541 2147 727 2190 dixisses
761 2155 807 2191 te
834 2146 916 2192 illa
941 2163 1036 2193 non
1067 2163 1162 2193 esse
1193 2153 1488 2199 venditurum

115 2216 211 2256 sine
231 2215 374 2272 ipsius
394 2227 572 2257 assensn
588 2247 602 2269 ‚
639 2214 967 2274 colophonem,
997 2232 1025 2260 ο
1046 2218 1344 2274 admirabilis,
1385 2238 1487 2268 om-

114 2282 248 2325 nibus
268 2285 354 2325 tuis
378 2285 611 2341 promissis
635 2283 1008 2340 gloriosissimum
1028 2285 1260 2332 addidisti:
1297 2292 1487 2336 modum

114 2354 237 2394 enim
257 2365 403 2407 neque
429 2350 672 2395 honestum
691 2367 840 2410 neque
865 2357 1028 2399 scitum
1047 2369 1195 2413 neque
1211 2357 1382 2404 iustum
1403 2375 1486 2404 ne·-

115 2433 202 2476 que
234 2420 524 2464 commodum
564 2423 828 2477 excogitasti
864 2436 938 2466 me
969 2425 1198 2480 terrendi,
1252 2434 1486 2487 tamquam

111 2491 333 2532 nescirem
358 2486 471 2545 Quae
491 2496 599 2533 tuuc
619 2488 804 2545 fierent,
847 2498 899 2535 ut
921 2506 1004 2535 nec
1026 2506 1111 2550 ego
1130 2495 1410 2551 postularem
1431 2505 1486 2541 ut

109 2560 303 2615 pecunia
332 2547 602 2601 mitteretur.
649 2562 818 2602 etenim
847 2575 988 2618 quum
1009 2560 1296 2608 Heraclidem
1325 2565 1486 2624 expel-

108 2623 248 2678 leres,
289 2626 410 2683 quod
431 2640 576 2684 neque
601 2625 851 2684 Syracusiis
881 2644 1029 2687 neque
1056 2629 1169 2674 mihi
1201 2634 1315 2676 iuste
1332 2632 1483 2679 facete

166 2704 206 2741 Τ
201 2718 279 2743 om.
308 2704 382 2743 ΙΧ.
1133 2697 1209 2743 1⁴1
