1696 2898
438 195 440 197 ’
506 181 792 245 merus
826 197 1067 240 ΜΛιοιι.
1405 206 1467 247 57

159 299 177 347 ἰ’
196 325 318 386 Hip.
346 322 555 371 Mousti-e
575 329 740 369 rursus
753 322 918 370 videris
939 310 1241 383 respondere,‘
1269 324 1470 381 Socrate,

101 398 235 444 etism
275 397 447 439 maiora
476 407 616 455 qnam
652 391 810 452 paullo
842 400 949 436 ente
980 394 1268 452 respondisti.
1322 399 1470 454 cogita

102 467 250 509 enims
294 467 331 508 si
353 462 484 508 stnbo
504 465 612 508 iusti
634 477 788 508 sumus
803 495 814 516 ‚
846 475 1002 505 nonne
1020 463 1157 506 etiam
1181 470 1370 522 uterque
1388 479 1472 509 no-

103 541 249 578 strum
268 536 413 578 iustus
435 535 535 586 erit,
557 530 629 575 vel
650 535 686 574 si
709 534 903 576 iniustus
922 538 1132 588 uterque,
1161 545 1314 575 nonne
1336 536 1472 577 etiam

105 602 236 647 ambo
255 601 458 647 erimus?
490 600 561 646 vel
583 603 620 642 si
638 603 748 655 seni,
767 607 920 647 nonne
940 603 1074 643 etiam
1095 601 1319 659 uterque?
1342 602 1412 645 vel
1436 605 1474 643 si

104 679 311 728 aegrotus
323 678 403 716 eut
423 670 686 715 vulneratus
703 678 779 713 nut
790 682 1028 728 percussus
1041 678 1117 712 sut
1129 668 1219 712 elio
1230 683 1321 728 qno
1334 671 1473 714 modo

105 739 285 784 effectus
312 747 508 797 uterque
538 746 750 782 nostrum
778 741 890 791 erit,
919 753 1076 781 noune
1097 736 1232 782 etiam
1254 738 1388 784 umbo
1411 741 1476 781 sic

102 810 273 865 >erimus
296 806 476 853 affecti?
519 815 748 867 praeterea
770 810 807 850 si
834 809 959 851 aurei
987 807 1058 851 vel
1081 810 1283 865 argentei
1304 807 1379 852 vel
1398 807 1476 851 eb-

105 878 257 931 urnei,
272 877 352 920 vel
372 880 411 920 si
433 879 586 930 mavis,
604 876 903 934 generosiwel
924 878 1151 936 sepientes
1173 876 1245 919 vel
1265 876 1479 921 honorati

107 945 183 990 vel
203 959 329 988 senes
355 946 430 991 vel
455 948 638 989 iuvenes
661 944 733 990 vel
753 944 876 989 eliud
900 945 1218 1003 quodcumque
1240 947 1307 989 vis
1333 948 1381 989 in
1405 959 1480 989 ro-

110 1028 216 1057 rum
237 1020 399 1058 natura
416 1014 547 1059 ambo
562 1003 713 1069 sim'us,
726 1028 881 1059 nonne
900 1016 1036 1059 etiam
1053 1021 1248 1074 uterque
1268 1020 1482 1060 nostrum

111 1084 363 1126 necessario
389 1081 474 1126 hoc
495 1081 585 1126 sit?

222 1152 296 1195 Sa.
326 1152 521 1195 Prorsus
544 1146 631 1195 isto
649 1150 801 1194 modo.

210 1219 333 1277 Hip.
371 1218 439 1261 At
458 1232 568 1262 vero
592 1225 661 1270 tu,
690 1217 899 1270 Socrate,
931 1231 1004 1261 res
1030 1230 1126 1261 non
1150 1216 1408 1262 consideres
1432 1219 1483 1261 in

115 1289 401 1339 universum,
445 1299 592 1343 neque
623 1286 694 1328 illi
726 1284 993 1344 quibuscum
1026 1293 1074 1328 tu
1101 1286 1373 1328 consuevisti
1392 1278 1487 1329 dis-

113 1370 282 1408 serere,
323 1355 399 1399 sed
429 1354 708 1398 contunditis
739 1362 1030 1412 excerpentes
1053 1351 1300 1412 pulchrum
1321 1360 1366 1396 et
1388 1368 1488 1398 rem

116 1437 340 1482 quamque
373 1426 420 1466 in
454 1422 738 1467 sermonibus
763 1423 1066 1467 concidentes.
1104 1437 1196 1481 quo
1228 1421 1281 1466 fit
1307 1430 1361 1465 ut
1392 1430 1485 1467 tam

118 1507 278 1550 magna
300 1499 344 1535 et
361 1495 539 1550 integra
571 1506 726 1535 rerum
753 1506 946 1553 corpora
979 1490 1140 1536 natura
1161 1494 1220 1536 ita
1241 1493 1487 1537 constituta

117 1575 198 1606 vos
230 1561 414 1604 lateant.
454 1578 504 1606 ue
524 1576 649 1604 nunc
670 1561 783 1605 adeo
813 1569 855 1604 te
879 1561 1021 1605 latent
1050 1568 1099 1604 ut
1129 1568 1261 1621 putes
1283 1574 1376 1604 esse
1404 1560 1490 1606 aii-

119 1645 253 1690 qunm
272 1628 554 1675 effectionem
571 1629 644 1673 vel
662 1633 751 1673 vim
772 1645 821 1673 ac
841 1637 1049 1673 naturam
1065 1644 1178 1687 quse
1192 1632 1238 1673 in
1260 1628 1393 1673 ambo
1407 1629 1493 1673 sii-

120 1713 210 1757 que
230 1699 378 1752 cadat,
398 1701 447 1742 in
469 1707 716 1757 utrumque
737 1713 831 1742 non
849 1699 1001 1752 cudat,
1031 1697 1105 1743 vel
1125 1706 1283 1742 contra
1309 1705 1493 1742 utrum-

122 1780 224 1824 que,
257 1766 388 1810 ambo
411 1775 560 1811 sutem
587 1783 682 1811 non
703 1771 919 1826 attingat:
962 1775 1055 1811 tem
1075 1770 1339 1827 insipientes
1358 1774 1402 1809 et
1420 1769 1494 1809 in-

124 1837 394 1879 considerati
417 1845 460 1880 et
478 1837 632 1880 stolidi
654 1844 699 1880 et
717 1839 1018 1894 incogitantes
1037 1838 1156 1880 estis.

223 1903 294 1946 So.
322 1901 474 1958 Tities,
486 1903 674 1964 Hippia,
686 1913 869 1949 nostrae
887 1919 959 1949 res
979 1913 1097 1957 sunt,
1113 1919 1206 1946 non
1222 1902 1378 1961 quales
1393 1905 1493 1960 quis

125 1971 250 2025 velit,
270 1978 322 2014 ut
342 1971 491 2016 dicere
509 1973 657 2018 solent
677 1973 883 2018 homiues
902 1973 1135 2033 proverbii
1154 1971 1271 2025 loco,
1290 1972 1366 2014 sed
1383 1985 1496 2028 qua-

124 2039 191 2083 les
215 2054 310 2083 esse
332 2046 535 2097 possunt.
571 2047 621 2083 tu
643 2056 752 2086 vero
779 2057 863 2085 nos
883 2045 1008 2085 iuvas
1028 2055 1207 2099 semper
1230 2042 1495 2100 inci-epaon

126 2123 232 2151 num
253 2123 374 2152 nunc
397 2122 591 2166 quoque,
622 2116 863 2166 antequam
883 2125 965 2152 nos
985 2112 1328 2168 increpaveres,
1361 2123 1499 2167 quam

128 2177 281 2221 stolidi
303 2175 523 2221 fuerimus
546 2180 680 2222 etiam
702 2177 867 2222 clarius
886 2178 963 2220 tibi
980 2177 1212 2222 ostendam
1225 2177 1374 2221 dicens
1388 2176 1500 2235 quid

131 2245 185 2290 de
204 2244 272 2288 his
293 2248 590 2300 senserimus·
630 2261 688 2288 an
710 2247 854 2290 dicam
876 2244 1047 2288 necne?
1119 2268 1125 2272 -

231 2313 352 2374 Hip.
385 2313 549 2357 Scienti
565 2315 745 2371 quidem
757 2316 888 2368 dices,
903 2314 1107 2369 ὃσα-οἶος
1127 2315 1236 2358 novi
1255 2315 1377 2357 enim
1398 2328 1500 2358 om·

132 2397 229 2425 nes.
243 2386 320 2440 qui
349 2385 398 2425 in
419 2383 690 2443 disputando
717 2391 955 2426 versantur
975 2382 1203 2440 quomodo
1224 2385 1316 2426 sint
1332 2380 1500 2439 affecti3

135 2451 211 2494 sed
243 2461 414 2504 tamen,
445 2454 482 2494 si
500 2455 666 2505 mavis,
698 2467 892 2509 expone.

234 2519 308 2565 So.
349 2518 463 2563 Sane
484 2522 662 2582 quidem
684 2522 817 2564 malo.
853 2535 937 2563 nos
957 2504 1187 2572 videlicet,
1218 2522 1291 2564 vir
1312 2521 1499 2578 optime,

134 2596 229 2633 tam
260 2587 373 2632 fatui
395 2587 562 2635 fuimus
582 2597 823 2647 antequam
850 2598 899 2633 tu
929 2583 1035 2632 haec
1052 2588 1249 2642 diceres,
1296 2596 1346 2631 ut
1364 2592 1504 2632 senti-
1539 2592 1542 2594 ’

135 2672 288 2701 remus
319 2657 375 2700 de
403 2671 475 2699 me
498 2664 541 2700 et
563 2665 607 2701 te
639 2666 885 2715 utrumque
906 2664 1114 2704 nostrum
1135 2672 1279 2700 unum
1301 2671 1420 2710 esse,
1459 2656 1505 2699 id

138 2739 247 2770 vero
262 2725 385 2782 quod
407 2733 597 2784 uterque
611 2735 820 2778 nostrum
841 2734 969 2782 esset,
983 2742 1077 2770 non
1101 2741 1194 2770 esse
1214 2726 1367 2770 ambos
1381 2742 1395 2779 ς
1410 2739 1506 2768 nou
