1696 2898
642 219 1151 284 eurarnnuus.
1490 230 1583 271 us

198 349 337 394 tionis
369 344 540 410 fluctu,
589 353 638 392 et
676 347 807 394 omni
840 344 981 392 modo
1013 348 1133 392 serie
1162 355 1353 406 agerent
1381 351 1593 411 serisque

193 423 379 475 agentes
416 415 715 462 ostenderent
754 429 870 475 quse
904 416 1091 472 taudem
1110 415 1248 491 {Jsset
1279 421 1468 463 scientie
1505 418 1590 464 m·

195 500 337 545 quam
358 486 512 545 adepti
533 485 648 528 bene
669 499 906 545 possemus
927 483 1153 544 reliquam
1173 486 1414 531 traducere
1435 490 1591 534 vitam.

301 553 376 599 Cr.
414 554 538 611 Quid
559 552 734 614 igitur?
764 554 976 601 voluitne
998 550 1127 610 vobis
1146 553 1391 600 ostendere
1408 552 1591 614 Euthy-
1647 567 1662 611 '.

196 622 389 669 demus?
758 672 766 677 γ,

302 693 376 737 So.
419 691 631 748 Quidni?
667 701 714 739 et
734 708 928 738 exorsus
955 691 1139 756 quidem
1157 699 1259 751 est,
1294 695 1466 754 amice,
1495 707 1595 739 ms-

198 775 291 820 gno
313 762 512 821 quodam
533 766 688 808 auimo
710 767 776 807 ita
801 764 975 808 dicere:

304 829 479 877 Utrum
502 838 560 886 te,
591 834 759 891 iuquit,
795 831 997 888 Socrate‚‘
1029 829 1147 878 hanc
1168 832 1404 878 scientiam
1426 830 1484 877 de
1505 847 1596 891 qua

200 899 376 946 dudum
395 901 608 947 dubitatis
635 900 837 957 doceam,
867 917 927 947 nn
949 904 1187 950 ostendam
1206 910 1252 948 te
1271 917 1372 947 eam
1392 900 1595 948 habere?

203 967 248 1012 Ο
270 970 406 1028 bone,
433 973 634 1028 inquam,
657 963 784 1016 estne
805 969 892 1015 hoc
911 972 960 1015 in
982 978 1027 1015 te
1048 971 1227 1018 situm?
1259 969 1379 1016 Sane
1391 971 1596 1030 quidem,

202 1039 369 1096 inquit.
438 1038 641 1083 Ostende
676 1042 816 1099 igItur
842 1054 928 1099 per
957 1039 1091 1095 deos,
1126 1043 1346 1098 inquam,
1387 1055 1462 1084 me
1490 1054 1598 1085 eam

202 1105 370 1152 habere
383 1125 397 1163 ς
412 1107 563 1151 multo
580 1112 704 1151 enim
720 1106 911 1162 facilius,
930 1122 1070 1165 quam
1091 1109 1264 1155 discere
1284 1111 1385 1153 viro
1407 1109 1452 1152 id
1475 1118 1599 1152 aeta-

203 1178 277 1220 tis.
345 1174 448 1234 Age
481 1177 591 1221 dum
626 1176 740 1220 mihi
771 1179 1022 1236 responde,
1052 1177 1232 1236 iuquit3
1274 1184 1402 1221 estne
1423 1176 1598 1237 aliquid

205 1245 329 1303 quod
353 1245 497 1289 scias?
531 1244 649 1289 Saue
671 1246 868 1304 quidem,
891 1243 1092 1304 inquou'x,
1122 1253 1169 1289 et
1189 1245 1355 1299 multa3
1387 1246 1468 1290 sed
1488 1261 1599 1305 per-

204 1327 275 1358 va.
327 1312 446 1357 Satis
467 1322 557 1367 est,
592 1315 797 1371 inquam.
856 1313 985 1357 Num
1016 1315 1161 1372 igitur
1179 1321 1315 1374 putus
1338 1313 1441 1360 fieri
1462 1328 1598 1374 posse

204 1390 258 1426 ut
278 1381 448 1439 aliquid
471 1397 635 1426 eorum
657 1397 772 1441 quae
790 1391 900 1427 suut
927 1382 975 1426 id
999 1385 1154 1443 ipsum
1178 1384 1301 1440 quod
1323 1391 1391 1427 est
1413 1397 1509 1426 non
1529 1386 1599 1427 sit.

204 1449 574 1510 Haudquaquam
604 1450 761 1496 hercle
789 1453 1016 1510 equidem.
1058 1451 1231 1496 Nonne
1260 1460 1311 1496 tu
1343 1451 1601 1496 affirmabas

208 1527 252 1563 te
273 1523 389 1563 scire
411 1518 617 1578 aliquid?
651 1519 751 1579 Ego
772 1536 894 1566 sene.
928 1519 1103 1566 Nonne
1125 1524 1268 1579 igitur
1285 1524 1434 1565 sciens
1452 1536 1512 1574 es,
1539 1524 1603 1564 si-

208 1589 393 1647 quidem
414 1589 533 1633 scis?
575 1588 693 1633 Sane
715 1590 928 1648 quidem,
959 1588 1093 1634 huius
1116 1599 1239 1634 certe
1262 1593 1418 1652 ipsius.
1466 1589 1602 1634 Nihil

207 1655 394 1716 'differt3
435 1659 580 1702 immo
607 1672 719 1703 vcro
740 1674 899 1705 nonne
924 1674 1107 1704 necesse
1128 1666 1196 1704 est
1216 1663 1372 1705 omnia
1400 1667 1445 1703 te
1466 1662 1599 1714 scire,

207 1729 246 1788 si
276 1729 422 1771 sciens
450 1727 530 1772 es?
572 1727 770 1772 Minime
802 1725 981 1784 hercle,
1029 1731 1245 1789 inquam,
1283 1744 1427 1788 quum
1451 1728 1602 1773 multa

213 1794 300 1839 alia
321 1797 537 1842 nesciam.
591 1795 763 1841 Nonne
784 1813 898 1843 vero
921 1801 959 1840 si
980 1802 1142 1854 nescis,
1176 1802 1344 1843 inscius
1365 1797 1444 1841 es?
1486 1795 1600 1840 Eius

208 1870 332 1921 certe
353 1865 674 1924 quodnescio,
704 1869 875 1924 amice,
902 1870 1108 1925 inquam.
1141 1866 1223 1912 An
1241 1870 1408 1920 minus,
1434 1867 1600 1924 inquit,

210 1932 258 1976 es
278 1933 489 1976 nescius?
531 1935 670 1979 modo
690 1944 842 1981 autem
861 1945 907 1980 te
928 1940 1146 1981 scientem
1173 1935 1350 1980 dicebas
1368 1946 1486 1982 essen
1556 1940 1604 1978 et

209 2004 274 2044 ita
297 2016 343 2044 es
366 2005 403 2044 is
423 2004 521 2062 ipse
542 2005 623 2062 qui
648 2019 721 2058 es,
774 2021 1024 2064 rursusque
1046 2021 1141 2048 non
1163 2020 1233 2058 es,
1276 2003 1437 2047 eodem
1460 2001 1604 2047 simul

210 2076 436 2130 tempore.
490 2069 587 2113 Iam
607 2086 731 2125 vero,
762 2075 968 2132 iuquam,
998 2073 1286 2131 Euthydcme
1310 2071 1455 2130 (quod
1477 2073 1604 2116 enim

209 2138 446 2200 proverbii
467 2139 570 2184 loco
594 2140 681 2183 dici
701 2140 831 2194 solet,
866 2140 1063 2201 pulchra
1085 2144 1239 2185 omnia
1262 2139 1462 2202 narras),
1484 2154 1606 2198 quo-

210 2206 353 2253 modo
392 2211 538 2255 sciens
573 2224 676 2253 sum
713 2209 840 2254 illius
879 2212 1094 2255 scientiae
1132 2224 1272 2268 quam
1305 2206 1604 2267 quaerimus?

146 2327 149 2329 ‚
211 2293 298 2335 an,
339 2280 444 2336 quia
465 2277 566 2322 fieri
588 2282 748 2336 nequit
768 2287 822 2322 ut
844 2279 966 2322 idem
995 2281 1055 2322 sit
1080 2286 1126 2323 et
1150 2293 1246 2323 non
1267 2280 1352 2332 sit,
1389 2281 1429 2321 si
1452 2291 1604 2322 unum

211 2349 333 2402 scio,
366 2349 522 2392 omnia
553 2350 647 2391 scio
676 2348 697 2403 (
707 2363 853 2405 neque
875 2350 999 2391 enim
1028 2349 1175 2391 sciens
1208 2355 1253 2392 et
1271 2349 1441 2392 inscius
1462 2346 1604 2391 simul

213 2430 311 2459 esse
330 2411 556 2476 possum),
587 2423 632 2460 et
653 2419 759 2474 quia
783 2420 937 2460 omnia
961 2420 1070 2471 scio,
1095 2416 1227 2461 illam
1248 2431 1432 2474 quoque
1454 2418 1606 2461 scien-

215 2488 328 2528 tiam
348 2483 517 2536 teneo?
547 2499 606 2529 an
627 2488 691 2529 ita
712 2485 847 2542 dicis,
882 2494 928 2529 et
951 2484 1040 2529 hoc
1063 2493 1131 2529 est
1148 2489 1331 2546 sapiens
1348 2483 1500 2529 illud?
1530 2480 1603 2528 Te

213 2555 313 2612 ipse
335 2552 548 2598 videlicet
566 2555 830 2613 redarguis,
865 2558 1042 2614 inquit,
1071 2553 1271 2600 Socrate.
1320 2553 1442 2608 Quid
1473 2569 1602 2606 vero,
1672 2609 1681 2615 -

213 2625 418 2680 iuquam,
432 2617 736 2681 Euthydeme,
755 2640 910 2668 nonne
933 2625 1015 2668 tibi
1033 2623 1154 2668 idem
1174 2622 1367 2668 accidit?
1389 2638 1471 2681 ego
1494 2637 1604 2666 sane

213 2697 368 2735 tecum
389 2699 433 2735 et
454 2681 559 2735 cum
578 2690 907 2752 Dionysodoro
928 2692 1030 2748 hoc,
1048 2709 1155 2739 caro
1177 2695 1338 2754 capite,
1358 2691 1478 2736 haud
1498 2706 1605 2750 gra-

213 2762 333 2806 viter
351 2762 531 2820 quidvis
554 2762 756 2808 tulerim.
802 2764 876 2810 dic
897 2762 1036 2820 mihi,
1072 2778 1231 2808 nonne
1251 2777 1334 2809 vos
1353 2762 1442 2806 alia
1464 2763 1603 2815 scitis,
