1696 2898
441 845 1240 911 ERYXIAS.

157 1164 324 1232 Quum
356 1176 686 1221 ambularemus
716 1177 764 1219 iu
794 1178 978 1234 porticu
1008 1173 1127 1221 Iovis
1154 1176 1411 1223 liberatoris
1441 1190 1524 1237 ego

155 1253 200 1288 et
226 1246 420 1303 Eryxias
445 1245 656 1297 Sterieus,
676 1252 959 1289 accesserunt
977 1245 1033 1289 ad
1055 1260 1138 1288 nos
1160 1244 1322 1291 Critias
1341 1252 1388 1288 et
1407 1243 1524 1292 Ern-

154 1317 360 1356 sisu-atus
378 1312 612 1366 Pliaeucis,
646 1310 909 1354 Erasistrati
932 1310 1037 1366 filii,
1070 1311 1226 1358 fratri·
1250 1311 1386 1357 filius.
1434 1327 1524 1358 nu-

153 1396 237 1440 per
256 1390 403 1424 autem
426 1388 535 1423 tunc
555 1386 792 1423 revenerat
815 1394 838 1421 e
859 1378 1010 1423 Sicilia
1031 1373 1214 1439 illisque
1238 1378 1350 1425 locis
1367 1379 1524 1425 Erasi-

154 1458 331 1493 stratus.
361 1448 573 1491 accedeus
594 1450 734 1505 igitur
753 1446 909 1500 Salve,
941 1450 1111 1507 inquit,
1145 1447 1346 1494 Socrate.
1389 1448 1451 1493 Et
1471 1458 1522 1494 tu

153 1532 358 1575 quoque,
391 1520 603 1573 inquum3
643 1514 752 1573 quid
787 1513 931 1559 vero?
978 1516 1139 1574 ecquid
1173 1520 1284 1561 novi
1318 1534 1343 1563 e
1371 1516 1524 1562 Sicilia

154 1585 285 1629 nobis
316 1585 451 1630 habes
482 1583 664 1630 dicere?
706 1582 822 1627 Sane
840 1583 1036 1640 quidem.
1083 1592 1130 1629 at
1151 1587 1314 1640 voltis,
1357 1580 1524 1644 inquit,

151 1657 359 1713 primum
385 1650 701 1696 considemus?
752 1650 951 1694 defessus
971 1655 1092 1696 euim
1118 1667 1219 1695 sum
1240 1652 1338 1696 heri
1366 1652 1524 1711 prole-

155 1717 254 1764 ctu's
281 1721 494 1776 Megaris.
557 1718 733 1771 Euam,
768 1720 804 1759 si
834 1718 1030 1762 videtur.
1092 1717 1215 1771 Quid
1241 1721 1407 1776 igitur,
1450 1723 1525 1764 in-

155 1791 280 1846 quit,
319 1787 452 1831 voltis
476 1788 676 1844 primum
695 1785 849 1827 audire
869 1798 927 1827 ex
947 1787 1011 1828 eis
1031 1797 1144 1842 quae
1162 1785 1258 1830 illie
1277 1788 1526 1845 geruntur?

157 1864 314 1900 utrum
347 1855 403 1898 de
431 1857 540 1912 ipsis
572 1853 664 1896 illis
696 1852 804 1909 quid
835 1861 994 1910 agant,
1029 1868 1088 1897 an
1117 1855 1346 1911 quomodo
1377 1851 1525 1900 affecti

158 1928 250 1966 siut
277 1937 384 1980 erga
410 1925 630 1966 civitatem
659 1920 896 1964 nostram?
943 1921 1017 1965 illi
1036 1918 1158 1965 enim
1178 1922 1525 1980 mihilvidentur

157 1995 217 2035 ita
251 1993 432 2034 animati
462 2003 556 2032 esse
581 1992 629 2031 iu
658 2003 742 2030 nos
765 1996 815 2031 ut
837 1988 1102 2045 crabrones;
1137 2005 1243 2034 nam
1262 1990 1310 2034 hi
1329 2006 1524 2051 quoque,

160 2064 198 2103 si
225 2063 321 2117 quis
353 2057 610 2119 paullulum
633 2070 708 2100 eos
731 2058 879 2099 irritat
899 2064 943 2100 et
966 2058 1165 2113 lacessit,
1194 2060 1523 2119 insuperabiles

88 2127 90 2130 ’
159 2143 206 2170 se
230 2125 468 2181 exhibent,
512 2125 655 2168 donec
684 2139 758 2167 eos
787 2125 991 2169 adoriare
1014 2133 1060 2169 et
1089 2141 1191 2170 cum
1222 2131 1348 2172 omni
1369 2127 1526 2172 sobole

159 2196 318 2240 deleas.
389 2197 452 2238 sio
480 2197 616 2237 etiam
646 2192 940 2250 Syracusani,
990 2197 1079 2237 nisi
1106 2199 1204 2252 quis
1233 2198 1353 2239 serio
1387 2210 1523 2254 agens

159 2277 404 2323 permagna
431 2277 535 2305 cum
569 2261 708 2304 classe
738 2260 850 2304 illuc
878 2265 1077 2318 venerit,
1117 2264 1249 2308 nullu
1278 2265 1416 2309 modo
1443 2265 1525 2322 illa

163 2335 318 2376 civitas
346 2333 539 2391 imperio
571 2337 728 2372 nostro
765 2329 1047 2385 subiicietur3
1107 2335 1283 2391 exiguis
1313 2348 1421 2377 vero
1451 2331 1522 2375 his

161 2403 301 2459 copiis
322 2402 463 2459 magis
492 2396 841 2452 exacerbantur,
885 2401 948 2441 ita
977 2407 1029 2442 ut
1058 2401 1186 2443 nobis
1219 2415 1352 2458 quam
1380 2401 1525 2444 mole-

162 2469 342 2512 stissimi
366 2467 570 2523 evadant.
611 2468 832 2510 miserunt
853 2480 958 2510 vero
977 2470 1106 2510 etiam
1128 2484 1250 2512 nunc
1273 2471 1328 2514 ad
1348 2485 1430 2530 uos
1454 2468 1524 2512 le·-

160 2546 312 2595 gatos,
372 2543 426 2579 ut
456 2533 567 2578 mihi
596 2535 781 2592 ,quidem
808 2534 1008 2588 videtur,
1063 2540 1288 2582 civitatem
1318 2546 1523 2581 nostram

161 2606 400 2647 molientes
422 2604 640 2661 decipere.
706 2602 805 2646 Nos
831 2617 938 2647 vero
961 2604 1069 2648 dum
1098 2608 1162 2651 ita
1187 2606 1523 2658 disserebamus,

163 2674 319 2717 accidit
341 2679 394 2717 ut
416 2671 551 2730 legati
569 2670 793 2729 Syracusii
812 2675 1123 2733 praeterirent.
1163 2682 1257 2718 tum
1281 2674 1524 2720 Erasistra-
