1696 2898
705 234 1023 282 nanvl‘AS.
1198 206 1201 209 Ι
1454 251 1547 295 489

182 365 315 403 notae
334 357 552 416 quaedam
572 357 824 419 insculptae
840 369 964 416 sunt,
999 359 1151 424 eisque
1169 365 1288 413 nihil
1309 371 1376 414 nti
1396 376 1550 429 posset

164 429 254 471 ‘vir
273 425 535 473 Laconicus.
582 429 702 487 apud
721 427 905 487 Scythas
928 433 1139 479 nomades
1166 437 1323 497 siquis
1342 435 1550 496 Putyue-

179 497 253 538 nis
283 493 486 542 domum'
494 496 765 555 possideret,
799 497 945 544 nihilo
970 496 1157 547 divitior
1177 503 1409 552 videretur
1437 521 1547 562 esse,

180 574 316 620 quam
345 565 382 605 si
414 565 538 622 apud·
564 579 647 608 nos
675 564 990 624 Lycabettum.
1026 576 1155 630 patet
1175 573 1318 631 igitur
1334 587 1431 618 non
1452 581 1548 620 esde

179 643 380 688 quasque
411 630 570 675 harum
601 648 757 678 rerum
787 650 920 697 opes,
971 639 1193 696 siquidem
1218 639 1546 699 aliqui-earum

177 712 459 758 possessores
485 700 630 745 nihilo
653 703 882 747 divitiores
906 717 1003 750 eam
1030 705 1088 750 ob
1105 714 1283 764 causam
1304 713 1546 770 reperiun-

178 773 270 811 tur.
331 780 494 812 verum
513 777 644 825 sunt,
678 773 890 832 inquam,
920 773 1126 834 singulae
1144 774 1382 839 1111}stoe
1398 782 1457 825 ἐι
1476 779 1547 824 δῖ-

176 837 290 879 vites
311 834 535 881 habentur
555 837 726 896 qui’eas
748 841 998 900 possident,
1020 841 1120 887 altis
1137 857 1286 907 neque
1306 839 1546 906 opes'sunt

160 917 334 960 -neque-
350 905 585 951 divitiores
602 905 720 951 hanc
748 909 806 952 ob
825 921 1004 955 causam
1023 907 1290 972 habentur-3·
1321 917 1437 959 sieut
1460 930 1544 963 nec

174 971 371 1030 pulchra
401 980 446 1016 et
470 977 622 1035 turpia
651 978 860 1023 omnibus
883 987 990 1023 sunt
1018 980 1195 1042 eedem,
1227 981 1307 1031 κδ
1324 982 1414 1029 alia
1432 985 1542 1030 aliis.

177 1042 214 1082 si
236 1055 344 1083 vero
366 1041 560 1086 velimus
589 1059 804 1102 quaerere
826 1048 934 1104 quid
960 1049 1321 1096 mndem‘cauhe
1338 1054 1399 1098 sit
1417 1067 1502 1098 cur
1516 1067 1543 1098 a

175 1106 353 1165 Scythis
385 1111 565 1167 quidem
597 1113 758 1158 domus
787 1130 884 1161 non
912 1126 1184 1163 censeantur
1207 1132 1338 1182 oper,
1369 1120 1544 1167 anobis

174 1189 285 1219 vero
323 1186 614 1236 censeantur,
662 1182 737 1226 vel
768 1197 850 1227 cur
880 1182 1270 1245 Carthaginienses
1302 1187 1542 1247 pelliouhs

175 1258 284 1302 opes
314 1244 528 1300 habeant,
574 1263 657 1292 nos
685 1265 779 1294 non
804 1250 1070 1310 habeamus,
1101 1255 1176 1301 vel
1197 1254 1544 1309 Lacedaemonii

171 1310 299 1355 fet-ro
323 1321 536 1369 utantur,
578 1331 662 1359 nos
695 1333 791 1362 non
820 1326 1024 1376 utamur,
1066 1337 1126 1367 an
1151 1327 1219 1369 ita*
1241 1328 1440 1372 mxime
1466 1340 1542 1372 ro-

171 1382 432 1439 periamusP
477 1383 626 1441 Siquis
647 1385 772 1431 verbi
792 1401 924 1431 causa
942 1386 1140 1435 Athenis
1156 1389 1323 1438 horum
1338 1393 1544 1454 lepidum

173 1452 251 1506 qui
280 1452 328 1492 in
352 1448 456 1494 foro
485 1459 594 1496 sunt
622 1460 668 1496 et
695 1454 856 1512 quibus
881 1455 996 1501 nihil
1019 1460 1196 1518 utimur
1217 1461 1347 1508 mille
1367 1464 1541 1510 talenta

169 1517 327 1575 pondo
359 1520 629 1576 possideret,
671 1536 786 1566 num
803 1538 852 1567 ea
875 1539 927 1567 re
945 1525 1132 1572 divitior
1150 1526 1396 1589 putaretur
1414 1536 1543 1577 esse?

169 1584 280 1629 Non
300 1586 413 1630 mihi
437 1588 631 1633 videtur.
696 1589 764 1634 At
783 1594 821 1634 si
843 1592 1077 1651 lychnitae
1095 1595 1260 1657 lapidis
1289 1601 1543 1659 possideret

167 1654 298 1698 mille
320 1656 504 1708 talenta,
525 1658 771 1703 admodum
793 1660 977 1706 divitem
998 1663 1400 1711 diceremussesse?
1422 1667 1542 1718 Sane

170 1723 366 1778 quidem.
431 1722 626 1779 Nonne,
655 1727 869 1783 inquam,
898 1737 1143 1788 propterea
1164 1735 1286 1790 quod
1306 1733 1393 1779 hoc
1410 1732 1539 1792 ussle,

157 1777 287 1831 'illud
310 1803 417 1832 vero
436 1790 603 1834 inutile
622 1790 752 1835 nobis
773 1794 873 1837 est?
914 1794 1056 1842 Vero.
1120 1799 1242 1845 Nam
1261 1805 1400 1848 etiam
1418 1806 1542 1865 apud

169 1855 356 1914 Scythas
378 1856 493 1901 hanc
522 1858 578 1901 ob
609 1874 786 1904 causam
809 1863 969 1908 domus
1002 1881 1099 1910 non
1126 1876 1236 1913 sunt
1264 1885 1398 1931 opes,
1432 1877 1541 1933 quia

169 1925 353 1969 nullum
386 1928 496 1985 ipsis
526 1942 660 1972 usum
689 1929 909 1987 afferunt,
955 1948 1102 1994 neque
1131 1931 1347 1984 maluerit.
1374 1939 1540 1999 Scytha

171 1994 359 2036 domum
391 1994 475 2037 sibi
505 2009 598 2039 esse
626 1997 1006 2058 pulcherrimam,
1057 2019 1192 2062 quam
1226 2012 1539 2067 tegumentum

170 2075 196 2104 e
221 2061 415 2120 pellibus
445 2063 722 2120 confectum,
761 2071 866 2125 quia
886 2068 973 2113 hoc
996 2074 1036 2115 ei
1057 2074 1196 2128 utile,
1233 2076 1318 2120 ills·
1335 2093 1444 2123 vero
1465 2082 1539 2124 in-

168 2131 294 2173 utilis
317 2138 396 2174 est.
431 2147 590 2176 rursus
609 2149 635 2177 a
656 2135 783 2179 nobis
803 2152 1016 2184 nummus
1037 2139 1421 2202 Carthaginiensis
1442 2163 1539 2194 non

169 2196 363 2242 habetur
383 2203 600 2257 pecunia3
634 2202 749 2246 nihil
770 2212 836 2252 est
857 2211 977 2251 enim
1001 2225 1159 2254 eorum
1183 2213 1344 2270 quibus
1366 2217 1539 2275 indige-

169 2281 271 2310 mus
292 2268 411 2324 quod
434 2284 485 2312 eo
510 2270 639 2313 nobis
670 2287 933 2332 comparare
951 2281 1202 2340 possimus,
1241 2285 1354 2330 sicut
1377 2291 1539 2344 argeu-

168 2344 242 2389 t03
283 2339 490 2394 quocirca
513 2338 638 2382 nobis
661 2334 835 2386 inutilis
859 2351 936 2388 est.
1002 2345 1143 2394 Patet.
1214 2349 1536 2412 Quaecumque

168 2406 305 2461 igitur
325 2404 454 2448 nobis
474 2408 601 2451 utilia
623 2417 729 2453 sunt
742 2443 754 2465 ,
800 2426 850 2455 ea
874 2428 981 2472 opes
1004 2424 1048 2459 et
1067 2422 1283 2476 pecuniae
1301 2419 1534 2478 habentur,

170 2486 284 2529 quae
316 2483 422 2518 vero
452 2476 651 2531 inutilia,
700 2493 751 2523 ea
771 2494 866 2523 non
889 2481 1111 2529 habentur
1131 2501 1251 2546 opes.
1314 2487 1407 2544 Qui
1434 2501 1536 2536 tan-

169 2541 293 2594 dem,
339 2544 490 2600 inquit
516 2543 712 2602 Eryxias
747 2553 1017 2609 suscipiens,
1061 2553 1276 2599 Socrate?
1326 2567 1452 2604 estne
1482 2570 1533 2604 ut

166 2616 356 2654 utamur
387 2614 507 2656 inter
543 2626 627 2657 nos
660 2615 962 2675 disputatione
992 2629 1039 2664 et
1075 2623 1320 2672 offensione
1355 2630 1537 2673 multis-

168 2692 255 2735 que
274 2679 374 2722 aliis
394 2679 558 2726 rebus?
600 2697 712 2726 num
738 2685 866 2730 nobis
885 2687 967 2734 hae
988 2699 1097 2735 sunt
1115 2682 1365 2752 pecuniae?
1422 2706 1533 2742 atta-

164 2760 271 2790 men
294 2763 402 2792 sane
421 2750 555 2794 utiles
574 2767 621 2796 se
639 2753 872 2812 praebent.
