1696 2898
576 169 999 214 CLITOPHON.
1373 176 1466 217 361

115 294 287 342 videret
318 305 403 341 nec
432 290 734 351 intelligentes
768 304 863 337 eeee
893 298 1038 337 artem
1072 295 1396 353 gymnastieam
1430 300 1478 338 et

114 363 403 414 medicinam,
444 360 743 420 exprobraret
767 360 918 406 dicens
948 368 1084 422 turpe
1109 376 1203 407 esee
1233 362 1288 407 de
1321 364 1475 408 tritico

114 430 297 490 quidem
317 437 363 475 et
382 428 555 474 hordeo
577 437 623 473 et
641 428 805 475 vitibus
826 443 1008 474 omnem
1028 438 1183 474 curem
1200 429 1412 475 adhibere
1432 437 1479 475 et
1544 443 1546 446 ’

115 510 421 558 quaecumque
448 500 653 556 corporis
688 511 821 541 causa
851 496 1134 547 elaboremus
1163 505 1211 542 et
1243 513 1480 557 compara-

113 582 240 622 mus,
264 565 354 611 hoc
371 573 521 610 eutem
544 569 694 625 ipsum
714 572 767 610 ut
786 579 920 624 quam
938 567 1162 626 optimum
1182 568 1264 622 eit,
1300 566 1479 610 nullam

115 643 262 679 artem
281 649 364 680 nec
382 635 579 678 studium
602 638 873 693 excogitare,
895 648 1032 694 quum
1052 633 1143 678 tale
1166 641 1339 679 exstet:
1358 633 1479 678 huuc

116 706 257 760 igitur
278 706 316 746 ei
332 706 715 760 interrogaremus
737 706 914 761 quinos
931 702 986 748 ad
1004 701 1112 747 haec
1129 702 1456 747 exhortaretur
1468 720 1482 746 ε

98 771 347 834 Ωιιάειηιω
378 784 473 817 eene
501 772 610 816 dicis
641 770 718 815 has
751 770 901 815 artes?
960 768 1153 816 fortasse
1183 770 1483 831 reaponderet

117 837 411 898 Gymnaetica
435 847 480 885 et
498 841 734 887 medicina.
787 842 878 884 iam
894 853 1019 884 nuno
1039 853 1220 898 quoque
1239 854 1484 900 quamnam

117 902 332 968 puta'mus
359 922 454 954 eaeo
484 916 628 954 artem
655 911 704 951 in
734 910 872 952 animi
893 910 1063 954 virtute
1080 907 1375 969 occupatam?
1414 909 1486 952 di-

118 978 327 1022 cendum.
391 976 432 1021 Ie
462 979 601 1036 igitur
633 979 709 1035 qui
732 974 1031 1022 validieeimue
1059 990 1221 1021 eorum
1252 975 1486 1023 videbatur

120 1059 215 1089 esse
234 1045 289 1088 ad
310 1044 396 1087 hoc
415 1046 695 1105 respondens
723 1045 840 1090 dixit
858 1043 977 1089 haue
997 1052 1140 1090 artem
1165 1055 1260 1089 eene
1277 1059 1412 1103 quem
1435 1052 1487 1089 tu

121 1114 262 1168 audis,
285 1115 446 1170 inquit,
467 1111 697 1158 Socratem
714 1113 953 1169 dicentem,
981 1127 1079 1157 nou
1098 1112 1234 1158 aliam
1254 1115 1341 1158 nisi
1357 1115 1489 1159 funti-

122 1183 247 1225 tiam.
269 1179 393 1225 Tum
415 1195 498 1239 ego
519 1181 592 1226 Ne
613 1196 780 1225 nomen
798 1181 965 1238 solum,
993 1184 1193 1239 inquam,
1221 1176 1334 1228 mihi
1353 1182 1488 1236 dicu,

120 1249 199 1293 eed
221 1248 308 1293 hoc
324 1249 485 1294 modo:
532 1251 754 1295 medicina
774 1251 940 1295 dicitur
959 1250 1179 1308 quaedem
1202 1265 1300 1307 επις
1352 1248 1488 1294 huius

121 1324 274 1362 autem
295 1317 385 1362 duo
404 1324 511 1362 eunt
530 1317 740 1376 effectus,
771 1333 888 1362 unus
907 1317 982 1361 hic
1002 1320 1079 1374 qui
1097 1317 1293 1363 medicos
1310 1333 1493 1380 semper

119 1393 307 1446 praeter
326 1400 426 1440 eoa,
461 1388 539 1443 qui
562 1388 650 1429 iam
673 1393 802 1439 sunt,
841 1385 951 1430 alios
970 1385 1131 1442 efficit,
1175 1386 1292 1431 alter
1311 1386 1386 1431 hic
1414 1389 1493 1445 qui

122 1452 257 1498 efficit
283 1457 534 1498 sanitatem.
575 1460 643 1497 est
661 1461 812 1497 autem
837 1453 954 1499 alter
978 1453 1144 1500 horum
1170 1471 1264 1500 uon
1286 1458 1381 1517 ipsa
1403 1471 1491 1510 are,

123 1522 202 1566 sed
226 1524 336 1567 artie
357 1536 470 1582 quae
498 1522 629 1569 docet
651 1529 695 1566 et
715 1522 904 1567 discitur
924 1538 1064 1583 opus,
1101 1539 1238 1584 quam
1257 1527 1495 1568 sanitatem

125 1590 327 1637 dicimus.
369 1586 427 1635 et*
445 1594 552 1635 artie
575 1593 792 1650 tignariae
818 1592 980 1636 eodem
1008 1593 1147 1637 modo
1179 1608 1266 1637 nnn
1294 1609 1401 1653 pare
1429 1602 1495 1636 αἱ

127 1674 265 1719 opus,
284 1659 444 1703 domus
457 1691 470 1715 ‚
488 1658 628 1703 altera
654 1667 722 1703 eet
739 1674 811 1703 are
821 1691 835 1712 ,
866 1660 1116 1718 disciplina.
1146 1662 1339 1705 iustitiae
1356 1663 1496 1718 igitur

128 1727 285 1772 eodem
303 1727 438 1770 modo
466 1741 611 1769 unum
639 1741 753 1785 opus
776 1733 872 1769 esto
893 1729 1037 1771 iustos
1059 1728 1270 1784 reddere,
1295 1731 1412 1771 sicut
1435 1728 1497 1771 ibi

129 1792 322 1838 artifices
336 1826 350 1848 ,
387 1793 586 1836 alterum
603 1807 711 1837 vero
730 1793 852 1853 quod
873 1796 1016 1838 iustus
1039 1794 1167 1839 nobie
1188 1793 1334 1840 facere
1355 1799 1500 1855 possit

131 1876 247 1921 opus
272 1861 500 1920 quodnam
520 1860 741 1906 dicimus?
769 1862 930 1906 indica.
971 1861 1075 1917 Hic,
1105 1862 1276 1907 sibene
1294 1867 1497 1926 memini²

131 1928 367 1990 respondit
385 1943 479 1973 esse
497 1929 545 1974 id
564 1930 687 1987 quod
708 1930 1006 1988 conduceret,
1035 1932 1150 1976 alius
1175 1932 1295 1991 quod
1321 1947 1406 1992 par
1429 1947 1500 1976 ee-

134 2005 220 2052 eet,
249 1997 363 2041 alius
389 1997 526 2054 utile,
554 1998 667 2043 alius
686 1998 730 2043 id
756 2000 879 2057 quod
899 2000 1151 2060 expediret.
1190 2009 1290 2044 tum
1308 2004 1501 2046 iterum:

133 2066 199 2111 Ibi
222 2080 412 2124 quoque,
438 2069 637 2125 inquam,
661 2065 770 2111 haec
789 2071 976 2112 nomina
995 2075 1104 2113 eunt
1124 2072 1173 2113 iu
1193 2084 1370 2128 quaque
1389 2077 1501 2127 arte,

134 2142 256 2179 recte
276 2133 442 2188 facere,
468 2135 596 2179 utilia
610 2167 622 2188 ‚
655 2137 893 2182 commoda
910 2145 954 2180 et
972 2146 1120 2182 cetera
1140 2138 1358 2183 eiusmodi
1374 2139 1506 2200 3ssve-

135 2219 241 2249 rum
260 2207 504 2264 proprium
523 2203 655 2258 illud,
682 2204 735 2247 ad
757 2206 878 2263 quod
897 2202 1007 2250 haec
1027 2209 1177 2250 omnia
1198 2207 1402 2262 tendunt,
1430 2221 1504 2252 ars

138 2286 341 2330 quaeque
372 2271 513 2325 dicet,
548 2271 676 2316 velut
704 2288 778 2316 ars
808 2276 1000 2332 tignaria
1029 2283 1151 2320 recta
1175 2283 1222 2319 et
1241 2275 1434 2336 pulchra
1455 2282 1505 2319 et

137 2343 451 2384 convenientia
488 2341 606 2384 dicet
633 2356 684 2385 ea
725 2355 784 2385 ex
823 2342 985 2400 quibus
1022 2345 1325 2388 iustrumenta
1354 2344 1505 2404 lignea

138 2409 279 2464 fiunt,
316 2423 428 2467 quae
458 2408 664 2453 videlicet
693 2424 789 2452 non
821 2420 931 2455 eunt
963 2426 1052 2456 are.
1099 2413 1339 2457 dicendum
1362 2416 1507 2472 igitur

138 2481 274 2520 etiam
295 2479 488 2520 iustitiae
507 2493 622 2537 opus
643 2478 803 2523 eodem
825 2481 977 2525 modo.
1039 2479 1245 2525 Tandem
1273 2482 1508 2542 respondit

137 2546 252 2588 mihi
273 2546 447 2603 aliquis,
472 2547 735 2602 Soc1·nte,de
760 2551 849 2592 tuis
867 2548 1174 2604 familiaribus,
1195 2554 1271 2609 qui
1295 2565 1401 2594 saue
1423 2555 1510 2594 sci-

140 2617 311 2658 tissime
340 2610 463 2657 ‘visus
493 2623 561 2658 est
587 2615 741 2672 loqui,
785 2617 873 2660 hoc
903 2633 997 2661 csse
1026 2623 1268 2677 proprium
1299 2623 1511 2675 iustitiae,

138 2684 312 2726 nullius
333 2684 388 2727 de
406 2688 566 2728 ceteris
588 2685 776 2743 artibus,
791 2701 916 2745 opuS,
930 2690 1171 2731 amicitiam
1192 2691 1240 2731 in
1262 2689 1510 2732 civitatibus
