1696 2898
567 287 1079 343 EUTHYDEMUS.
1421 296 1519 346 ατ

124 435 154 464 o
177 415 505 477 Dionysodoro
534 421 582 462 et
608 410 926 475 Euthydema,
981 411 1094 461 haee
1118 407 1316 471 ‘quidem
1361 417 1515 460 oratio

123 486 283 533 eodem
295 486 400 531 loco
421 487 668 547 persistere
686 492 733 530 et
751 483 901 533 adhuc
912 486 1030 528 sicut
1048 481 1163 529 olim
1181 488 1514 541 ceterasquum

123 557 338 603 deiecerit
357 558 455 617 ipsa
475 561 710 609 corruere,
738 564 823 600 nec
844 555 1091 612 quominus
1109 550 1198 596 hoe
1217 554 1431 612 patiatur,
1454 554 1511 596 ab

121 632 222 668 arte
242 632 392 669 vestra
412 627 652 669 inventum
673 630 718 667 et
739 623 1028 683 prohibitum
1046 632 1156 678 esse,
1190 620 1299 666 licet
1318 629 1414 665 tam
1432 623 1512 667 ad-

120 693 343 737 mirabilis
389 695 447 742 sit
492 693 547 737 ad
588 701 843 739 accuratam
878 694 1140 737 orationum
1174 692 1517 739 tractationem:

121 761 244 806 Tum
278 760 548 823 Ctesippus,
584 760 894 807 Admirabilia
924 762 1100 817 dicitis,
1140 762 1318 820 iuquit,
1362 774 1391 804 o
1420 764 1515 807 viri

121 831 288 875 Thurii
308 834 400 878 sive
413 831 515 874 Chii
532 834 626 877 sive
647 832 770 876 unde
790 839 836 878 et
854 831 1287 889 quomodocumque
1306 830 1515 889 gaudetis

123 903 383 959 nominari3
418 903 591 962 quippe
611 900 729 944 nihil
747 904 916 947 curatis
939 903 977 944 si
1003 899 1149 961 delira
1170 900 1330 944 dicitis.
1352 897 1515 959 Atque

122 984 207 1026 ego
229 977 437 1014 metuens
460 982 518 1014 ue
541 973 801 1027 convicium
819 972 1079 1023 exsisteret,
1126 980 1288 1014 rursus
1308 971 1518 1027 mitigavi

126 1038 395 1096 Ctesippum
426 1050 476 1082 ac
505 1039 605 1083 dixi
645 1037 689 1082 Ο
729 1037 970 1099 Ctesippe,
1025 1047 1151 1083 nuuc
1182 1050 1367 1095 quoque
1397 1051 1518 1096 quae

125 1107 306 1151 Cliniae
328 1107 452 1162 dixi,
482 1109 639 1151 eadem
663 1105 772 1151 haec
794 1106 878 1152 tibi
897 1109 1023 1160 dico,
1066 1113 1112 1150 te
1133 1115 1231 1166 non
1252 1105 1519 1164 intelligere

122 1175 438 1219 admirabilem
460 1175 698 1235 hospitum
720 1179 990 1236 ‘sapientiam
1010 1185 1132 1230 esse;
1169 1182 1215 1218 at
1235 1173 1407 1219 nolunt
1427 1186 1518 1219 uo-⁴

124 1246 192 1288 bis
212 1254 312 1289 eam
335 1246 589 1299 ostendere,
603 1247 718 1287 seria
739 1250 943 1301 agentes,
982 1244 1061 1287 sed
1086 1241 1251 1287 Protea
1272 1244 1518 1292 imitantur,

122 1313 411 1373 Aegyptium
434 1311 670 1371 sophiste'n
692 1315 947 1372 praestigiis
979 1323 1063 1355 nos
1087 1310 1381 1372 decipientes.
1425 1327 1516 1357 nos

121 1398 233 1427 vero
259 1381 524 1425 Menelaum
545 1381 800 1434 imitemur,
822 1395 905 1424 nec
928 1380 1215 1425 dimittamus
1237 1382 1378 1437 viros,
1400 1381 1516 1427 dum

120 1451 253 1495 nobis
275 1460 511 1508 emergant
542 1465 631 1508 qua
669 1452 719 1493 in
747 1463 798 1494 re
826 1452 944 1493 seria
967 1456 1128 1508 agant3
1159 1448 1361 1495 arbitror
1387 1453 1518 1497 enim

122 1521 298 1579 oppido
321 1517 503 1578 pulchri
525 1518 695 1579 aliquid
715 1519 1013 1579 proditurum
1037 1533 1156 1575 esse,
1189 1518 1376 1579 quando
1398 1523 1517 1564 inci-

122 1593 256 1648 piant
278 1592 391 1633 seria
413 1604 561 1646 agere.
605 1591 757 1646 itaque
790 1603 974 1632 oremus
1004 1603 1082 1633 eos
1114 1596 1161 1632 et
1185 1590 1516 1635 admoneamus

123 1666 170 1702 et
201 1651 445 1719 precemur
474 1664 525 1712 ut
555 1663 805 1715 emergant.
859 1657 975 1702 mihi
1005 1665 1159 1702 autem
1189 1674 1351 1703 rursus
1387 1658 1517 1703 lubet

31 1712 35 1777 Ἴ,
55 1766 65 1780 ,,
122 1730 328 1787 praeire,
357 1726 514 1786 quales
540 1726 593 1770 ut
623 1741 719 1771 sese
741 1728 988 1778 ostendant
1010 1735 1182 1787 optem.
1237 1729 1362 1773 unde
1389 1731 1519 1771 enim

122 1803 230 1839 ante
251 1796 476 1852 digressus
497 1810 614 1851 sum,
643 1795 731 1839 hoc
750 1808 1028 1856 persequens
1052 1796 1269 1853 conabor,
1290 1803 1518 1854 quantum.

123 1870 304 1924 potere,
335 1869 585 1923 experiere,
622 1868 660 1908 si
679 1863 803 1912 forte
823 1880 899 1910 eos
920 1881 1186 1927 provocem,
1217 1874 1267 1909 ut
1290 1868 1518 1909 miseren-⁴

123 1941 191 1976 tes
214 1935 492 1976 connitentis
515 1940 560 1976 et
578 1936 692 1978 seria
714 1938 886 1998 agentis
908 1938 997 1996 ipsi
1017 1950 1204 1994 quoque
1226 1938 1342 1979 seria
1364 1940 1522 1991 agant.

261 1992 337 2043 Tu
357 2016 482 2055 vero,
520 1986 723 2056 Clinia,·
709 2018 912 2062 mquam,
943 2007 992 2048 in'
1014 2007 1286 2048 memoriam
1306 2002 1420 2045 mihi
1439 2017 1518 2047 re⁴

50 2095 51 2099 ¹
78 2114 83 2118 .
122 2085 261 2127 voca,
294 2068 418 2113 unde
449 2077 559 2112 tunc
594 2066 782 2131 digressi
808 2075 965 2136 simus.
1006 2079 1062 2117 ut
1091 2073 1300 2131 equidem
1331 2074 1520 2130 opinor,

0 2162 8 2172 -
54 2128 76 2205 χ’
122 2136 366 2182 hiucfere=
382 2132 805 2203 philosophandum
824 2132 919 2184 esse
937 2144 1518 2200 concessimuspostrem03

68 2223 85 2239 J
124 2207 316 2252 nonne?
351 2206 522 2266 Etiam,
545 2212 707 2266 inquit.
725 2202 1035 2299 Philosophia
1057 2215 1210 2254 autem
1232 2213 1517 2267 comparatio

125 2286 192 2320 est
213 2270 449 2332 scientiae3
474 2287 630 2322 noune
651 2269 747 2322 itai
781 2281 985 2335 inquam.
1013 2276 1156 2332 Vero,
1175 2271 1336 2337 inquit.
1362 2277 1517 2333 Quam

124 2349 269 2403 igitur
300 2339 431 2388 nobis·
459 2354 778 2406 comparantes
810 2350 1047 2392 scientiam
1077 2352 1199 2393 recte
1227 2347 1518 2407 comparabi-

114 2413 469 2475 vmus›?11011u‹=1
502 2414 589 2460 hoc
619 2417 804 2476 quidem
835 2416 1111 2480 simpliciter
1138 2407 1262 2461 valet.
1291 2432 1391 2460 eam
1418 2430 1517 2460 esso

126 2483 481 2549 comparandam
502 2491 616 2543 qu'ae
631 2477 761 2528 nobis
781 2485 965 2544 prosit?
994 2485 1112 2529 Sane
1131 2486 1328 2546 quidem,
1351 2488 1521 2549 inquit·

98 2553 101 2555 ’
123 2548 253 2595 Num
272 2554 412 2610 igitur
432 2546 563 2597 nobis
585 2553 630 2597 id
652 2556 903 2619 prodesset,
933 2558 970 2597 si
993 2559 1210 2620 sciremus
1234 2565 1518 2613 cognoscere:

0 2616 23 2640 ’“
59 2676 61 2683 A
126 2625 462 2665 circumeuntes
483 2615 559 2665 ubi
575 2621 867 2682 plurimum'
852 2639 902 2666 m
927 2631 1023 2668 terr
1027 2640 1051 2668 a
1071 2613 1174 2668 auri
1193 2620 1425 2669 defossum
1444 2630 1518 2668 es-·'

126 2689 227 2743 set?
257 2687 480 2755 Fmiasse,
507 2684 674 2757 iuquit.
705 2683 772 2736 At
796 2696 941 2753 priuS,
969 2697 1174 2752 inquam,
1206 2692 1295 2738 hoc
1315 2695 1519 2741 convici-¹

125 2771 254 2813 mus,
296 2740 413 2801 nihil
435 2761 649 2819 prodesse
670 2764 806 2806 etiam
835 2765 875 2806 si
906 2763 1038 2807 nullo
1061 2765 1244 2820 negotio
1266 2769 1312 2806 et
1332 2765 1430 2805 sine
1451 2762 1520 2804 la-'

124 2825 238 2871 bore
258 2834 430 2873 terram
442 2828 685 2876 effodiendi
705 2843 843 2876 omne
862 2831 995 2875 nobis
1017 2836 1184 2878 aurum
1202 2833 1516 2888 contingeret:
